2008 3172
781 146 955 189 AP1C11
987 146 1095 188 LIB.
1120 147 1138 186 1
1734 148 1792 195 11

189 255 314 301 XIV.
361 253 588 302 Olivas
631 253 887 299 virides
933 264 1204 306 servare
1250 252 1316 296 ut
1359 251 1588 307 quovis
1636 251 1794 295 tem·
1860 248 1932 290 (27)

112 334 271 380 pore
302 321 511 367 oleum
543 319 779 366 facias:
813 318 976 365 olivas
1011 319 1076 363 de
1107 317 1290 363 arbore
1325 313 1554 362 sublatas
1585 316 1635 361 in
1669 315 1794 360 illud

110 388 289 441 mittis,
315 389 369 433 et
395 387 545 433 erunt
573 384 702 431 tales
733 385 910 461 quovis
939 385 1170 441 tempore
1202 384 1346 440 quasi
1373 394 1492 428 mox
1520 382 1583 427 de
1613 381 1794 427 arbore

114 454 366 511 demptae.
393 452 457 498 de
482 451 677 508 quibuS,
699 451 747 497 si
773 451 1010 504 volueriS,
1033 449 1199 496 oleum
1226 449 1390 495 viride
1413 448 1587 495 facies
1817 460 1838 488 4

189 525 290 572 XV.
326 523 730 572 Cuminatum
767 525 828 569 in
865 525 1090 570 ostrea
1126 524 1188 568 et
1222 521 1590 578 conchylia:
1631 522 1795 577 piper,
1820 519 1932 562 1(30)

114 591 420 649 ligusticum,
450 590 831 648 petroselinum,
861 591 1081 635 mentam
1116 590 1317 642 siccam,
1345 587 1540 640 folium,
1570 586 1796 632 malaba-

114 656 298 710 thrum,
319 656 573 702 cuminum
600 655 897 712 plusculum,
922 654 1037 707 mel,
1062 655 1260 700 acetum
1283 654 1336 699 et
1361 653 1629 708 liquamen.
1655 650 1796 696 Ali-

113 726 234 770 ter.
270 724 434 781 piper,
466 722 773 780 ligusticum,
810 721 1188 779 petroselinum,
1222 722 1444 766 mentam
1481 721 1681 772 siccam,
1713 731 1796 764 cu-
1820 718 1844 756 2

112 790 303 836 minum
341 789 637 846 plusculum,
675 788 789 841 mel,
827 790 1039 841 acetum,
1076 788 1344 844 liquamen
1819 791 1837 819 ⁵·

189 861 315 908 XVI.
343 861 744 908 Laseratum:
773 861 909 907 laser
938 857 1268 917 Cyrenaicum
1297 860 1377 905 vel
1407 859 1695 904 Parthicum
1724 860 1797 903 te-
1822 857 1870 896 1(
1863 860 1934 901 (31)

114 928 238 985 pida
270 928 509 974 dissolvis
543 939 654 973 cum
690 928 833 973 aceto
871 920 990 986 (et)
1019 926 1293 983 liquamine
1327 927 1683 982 temperatum,
1715 925 1796 969 vel

115 995 281 1051 piper,
310 994 690 1052 petroselinum,
719 994 942 1039 mentam
971 993 1172 1045 siccam,
1202 993 1383 1038 laseris
1414 992 1652 1044 radicem,
1682 991 1797 1042 mel,

115 1060 330 1115 acetum,
354 1060 622 1116 liquamen.
648 1058 886 1105 Aliter:
915 1059 1078 1115 piper,
1104 1070 1320 1111 careum,
1345 1058 1599 1110 anethum,
1628 1059 1798 1115 petro·
1819 1057 1842 1095 2

113 1126 344 1179 selinum,
381 1126 605 1171 mentam
640 1125 841 1178 siccam,
879 1124 1000 1178 silfi,
1036 1123 1231 1177 folium,
1270 1124 1658 1176 malabathrum,
1692 1126 1797 1180 spi-

116 1203 225 1238 cam
270 1191 510 1246 Indicam,
555 1193 750 1238 costum
795 1191 1063 1244 modicum,
1110 1191 1223 1244 mel,
1267 1193 1479 1243 acetum,
1526 1191 1795 1246 liquamen.
1821 1197 1861 1228 15

189 1263 341 1310 XVII.
372 1262 781 1320 Oenogarum
811 1265 873 1309 in
904 1263 1157 1309 tubera:
1190 1264 1353 1320 piper,
1382 1264 1687 1319 ligusticum,
1719 1263 1936 1309 co-1(32)

116 1330 392 1384 riandrum,
419 1331 599 1383 rutam,
625 1330 894 1386 liquamen,
921 1330 1023 1376 mel
1049 1332 1102 1376 et
1124 1329 1292 1376 oleum
1322 1330 1533 1376 modice.
1560 1329 1798 1375 Aliter:
1820 1331 1845 1369 2

116 1395 358 1452 thymum,
401 1397 690 1449 satureiam,
734 1397 897 1453 piper,
941 1396 1249 1453 ligusticum,
1293 1396 1408 1448 mel,
1450 1396 1702 1452 liquamen
1748 1398 1800 1441 et

113 1462 297 1508 oleum.
1823 1472 1863 1501 19

191 1527 367 1574 XVIII.
405 1527 798 1585 Oxyporum:
837 1530 1021 1576 cumini
1060 1541 1168 1575 unc.
1208 1529 1269 1582 ΙΙ,
1304 1529 1581 1584 zingiberis
1620 1528 1937 1580 unc.1‚<33>

119 1595 262 1641 rutae
302 1595 482 1640 viridis
524 1607 632 1642 unc.
676 1594 712 1648 I,
753 1596 874 1641 nitri
913 1595 1163 1652 scripulos
1206 1594 1288 1648 VI,
1328 1595 1644 1651 dactylorum
1687 1596 1799 1651 pin-

117 1661 290 1717 guium
321 1660 572 1717 scripulos
604 1660 713 1715 XII,
747 1662 942 1719 piperis
975 1673 1083 1707 unc.
1116 1661 1151 1715 Ι,
1183 1661 1348 1707 mellis
1379 1673 1487 1707 unc.
1522 1661 1602 1706 IX.
1646 1663 1801 1707 cumi-

117 1739 235 1772 num
263 1728 350 1772 aut
378 1726 734 1784 Aethiopicum
765 1730 852 1773 aut
879 1726 1141 1784 Syriacum
1171 1729 1258 1772 aut
1285 1725 1523 1784 Libycum
1553 1729 1697 1773 aceto
1726 1728 1799 1772 in-

117 1790 317 1846 fundeS,
355 1793 488 1838 sicca
528 1794 582 1838 et
619 1793 693 1838 sic
731 1792 928 1838 tundes.
980 1794 1162 1848 postea
1199 1792 1350 1838 melle
1389 1791 1794 1847 comprehendis.

118 1870 231 1903 cum
256 1869 462 1904 necesse
491 1858 663 1911 fuerit,
694 1852 826 1918 (ex)
853 1870 1083 1915 oxygaro
1111 1859 1282 1904 uteris
1824 1869 1866 1899 25

194 1931 320 1976 XIX.
364 1931 838 1989 Hypotrimma:
883 1934 1048 1990 piper,
1090 1933 1395 1990 ligusticum,
1429 1936 1661 1979 >mentam
1704 1935 1801 1978 ari-
1866 1932 1940 1971 (34)

118 1998 251 2052 dam,
278 1998 483 2045 nucleos
510 2000 704 2055 pineoS,
732 2012 881 2044 uvam
898 2011 1130 2055 -passam,
1157 2001 1436 2055 caryotam,
1464 2012 1667 2045 caseum
1693 2000 1802 2044 dul·
1918 2010 1921 2013 ·

118 2075 243 2118 cem,
279 2065 392 2115 mel,
430 2067 642 2116 acetum,
681 2065 952 2121 liquamen,
989 2065 1172 2118 oleum,
1209 2067 1394 2118 vinum,
1434 2066 1676 2111 defritum
1715 2069 1801 2110 aut

119 2141 404 2175 caroenum.
1181 2132 1185 2137 ’
1823 2134 1863 2164 29

194 2193 296 2240 XX.
341 2194 710 2253 oxygarum
755 2197 1174 2255 digestibile:
1237 2199 1431 2255 piperis
1477 2200 1938 2251 semunciam,1(35)

195 2321 221 2360 2
254 2321 366 2361 illud
397 2320 475 2362 Ev
504 2324 776 2374 corruptum
817 2324 911 2365 nisi
949 2323 1102 2365 oleum
1142 2323 1355 2373 intelleyi
1393 2323 1545 2364 voluit
1575 2318 1652 2373 (cf.
1685 2321 1806 2362 Ptin.

122 2382 221 2420 nat.
263 2384 325 2426 15,
352 2377 435 2429 16),
478 2381 664 2422 muriam
704 2382 840 2423 Hum.
873 2393 929 2423 ex
958 2382 1078 2423 Plin.
1113 2384 1212 2423 nat.
1245 2386 1309 2430 15,
1333 2386 1382 2422 21
1506 2381 1533 2421 4
1573 2381 1725 2430 demte
1758 2380 1805 2425 Ε,

120 2439 386 2488 redemptae
417 2438 459 2480 V
600 2440 791 2482 uiridem
824 2441 901 2482 EV
1044 2439 1072 2481 8
1105 2443 1309 2482 mentam
1342 2438 1390 2487 E,
1424 2437 1578 2481 mente
1609 2439 1663 2486 V,
1698 2441 1804 2480 item

122 2499 152 2538 l.
180 2502 229 2538 12
252 2500 300 2539 et
323 2502 371 2538 14
503 2498 558 2538 10
582 2499 834 2548 parthicum
868 2508 910 2547 ς,
943 2500 1155 2549 partitum
1179 2499 1257 2540 BV
1380 2499 1430 2540 11
1467 2502 1513 2541 et
1544 2500 1655 2540 add.
1691 2498 1748 2540 Gi

123 2555 180 2596 20
213 2554 477 2606 Oxyporum
510 2557 587 2598 Ev
619 2558 706 2607 hic,
741 2556 1021 2609 oxyporium
1055 2557 1134 2599 EV
1164 2559 1212 2599 in
1245 2559 1341 2599 ind.
1400 2559 1702 2609 praeceptum
1738 2568 1806 2597 re-

122 2617 195 2656 dit
226 2619 265 2665 3,
284 2619 346 2665 18,
369 2619 396 2656 3
457 2617 626 2657 cumini
651 2616 700 2664 E,
732 2618 963 2658 cummuni
986 2616 1029 2658 V
1090 2617 1338 2667 zingiberis
1369 2618 1438 2658 sic
1467 2616 1546 2658 EV
1606 2616 1662 2656 22
1696 2616 1805 2657 mel-

122 2674 177 2713 lis
203 2669 236 2721 (i
261 2686 316 2715 ex
339 2672 386 2724 e)
409 2673 448 2715 V
519 2674 576 2716 23
608 2678 686 2715 aut
716 2676 1027 2726 aethiopicum
1059 2675 1137 2716 Ev
1165 2687 1213 2726 ρ.
1237 2680 1302 2725 21,
1330 2680 1393 2726 10,
1425 2675 1501 2715 uel
1534 2675 1803 2725 &hiopicum

121 2733 199 2773 hic
229 2732 277 2779 E,
310 2733 384 2775 uel
415 2730 604 2784 hiopicfi
636 2730 714 2775 hic
742 2734 785 2775 V
844 2735 901 2775 25
933 2746 992 2776 ex
1023 2744 1225 2786 oxygaro
1261 2734 1336 2784 Vo,
1370 2744 1572 2786 oxygaro
1605 2728 1679 2786 (ex
1710 2734 1806 2774 oxi-

122 2792 251 2842 gario
282 2803 403 2833 corr.
421 2790 483 2843 V)
514 2792 593 2834 EV
667 2792 725 2833 26
749 2792 1064 2844 Hypotrimma
1087 2793 1164 2834 EV
1196 2795 1244 2834 in
1278 2795 1443 2842 indice,
1475 2794 1701 2844 ypotrima
1731 2791 1808 2832 EV

124 2850 199 2891 hic
316 2850 374 2892 28
406 2852 558 2893 oleum
598 2852 756 2892 uinum
789 2851 845 2899 E,
884 2849 997 2893 uim‘i
1028 2848 1135 2893 olefl
1174 2849 1278 2901 (sed
1308 2853 1459 2903 signis
1488 2846 1519 2902 l·
1552 2853 1599 2893 et
1625 2845 1658 2903 l:
1690 2852 1808 2892 ordo

124 2907 379 2960 correctus)
410 2911 452 2953 V
527 2909 584 2951 29
616 2920 830 2952 carenum
861 2910 998 2960 Ham,
1031 2911 1248 2951 cariotam
1281 2909 1371 2957 EV,
1405 2910 1624 2951 cariotum
1659 2909 1746 2950 Sclz

123 2967 182 3008 30
214 2968 519 3018 digestibilem
552 2968 630 3010 Ev
661 2969 748 3018 hic,
783 2969 846 3011 -le
878 2970 926 3010 in
958 2970 1056 3011 ind.
