2008 3172
690 142 862 185 APICII
894 143 1000 184 LIB.
1025 141 1104 183 VII
1128 142 1244 181 6—9
1726 145 1795 193 53

114 251 262 298 melle
303 253 355 296 et
394 251 512 296 vino
555 252 831 306 temperas;
874 249 1044 304 apium
1087 248 1301 293 viridem
1343 248 1595 292 concisum
1637 259 1789 302 super

114 317 365 374 aspargis,
401 316 565 362 oleum
603 315 764 360 mittis
803 316 854 360 et
892 314 1096 360 inferes.

188 383 293 430 VII.
336 380 764 429 VENTRICVLA.
838 381 874 426 1.
921 380 1224 427 Ventrem
1284 380 1620 436 porcinum
1663 379 1789 424 bene
1822 380 1945 424 lass

115 450 392 503 exinanieS,
422 450 565 495 aceto
595 449 649 494 et
679 448 800 500 sale,
832 449 1011 504 postea
1042 459 1172 503 aqua
1204 447 1363 499 lavaS,
1391 448 1444 492 et
1473 447 1547 492 sic
1577 446 1671 492 hac
1700 447 1791 490 im-

117 528 273 572 pensa
295 515 500 572 imples:
527 514 735 571 pulpam
761 514 1022 570 porcinam
1045 515 1245 558 tunsam
1267 513 1457 566 tritam,
1481 513 1553 557 ita
1574 514 1629 557 ut
1650 524 1791 557 ener—
1840 522 1858 549 τ’

117 583 236 628 vata
268 581 594 628 commisceas
630 580 881 626 cerebella
918 580 1016 625 tria
1052 582 1103 625 et
1136 591 1232 625 ova
1268 580 1440 632 cruda,
1474 580 1554 625 cui
1589 578 1791 624 nucleos

116 647 340 694 infundis
377 649 430 693 et
469 648 618 704 piper
658 647 911 702 integrum
952 647 1111 691 mittis
1149 649 1202 691 et
1241 646 1334 692 hoc
1372 646 1479 691 iure
1520 647 1790 702 temperas.

116 716 250 760 teres
292 714 456 771 piper,
497 713 803 770 ligusticum,
846 712 1053 766 silfium,
1096 725 1320 765 anesum,
1359 711 1605 768 zingiber,
1651 714 1791 756 rutae

116 780 383 833 modicum,
407 780 660 835 liquamen
684 780 934 835 optimum
959 781 1011 823 et
1034 778 1134 824 olei
1157 778 1422 824 modicum.
1450 778 1618 834 reples
1643 790 1794 833 aqua-

116 846 319 892 liculum
350 846 423 891 sic
452 847 509 890 ut
540 845 883 891 laxamentum
915 844 1114 897 habeat,
1145 857 1208 890 ne
1242 845 1464 890 dissiliat
1493 845 1543 889 in
1576 846 1792 890 coctura.
1820 855 1861 884 ιο

117 912 324 966 surclas,
366 912 558 957 amulas
600 914 653 957 et
695 912 746 956 in
788 910 942 957 ollam
982 910 1277 957 bullientem
1322 911 1610 956 summittis.
1653 911 1791 956 levas

116 979 169 1024 et
203 978 388 1034 pungis
424 990 530 1030 acu,
567 990 630 1023 ne
666 979 853 1034 crepet.
889 990 1001 1023 cum
1039 978 1103 1022 ad
1139 977 1377 1023 dimidias
1413 980 1584 1023 coctus
1623 977 1791 1027 fuerit,

119 1046 255 1090 levas
288 1046 341 1089 et
374 1045 438 1089 ad
473 1044 665 1089 fumum
700 1044 972 1100 suspendis
1006 1047 1060 1089 ut
1095 1044 1361 1090 coloretur.
1394 1046 1446 1090 et
1480 1044 1645 1090 denuo
1679 1056 1793 1089 eum

120 1109 442 1166 perelixabis‚
473 1112 528 1154 ut
560 1111 707 1165 coqui
743 1111 918 1166 possit,
954 1110 1136 1156 deinde
1169 1110 1458 1166 liquamine,
1491 1122 1648 1163 mere,
1679 1110 1791 1156 oleo

118 1176 316 1223 modico
345 1170 740 1236 (temperabis),
766 1178 819 1222 et
845 1176 1047 1222 cultello
1078 1177 1278 1233 aperies
1304 1178 1357 1222 et
1385 1189 1496 1222 cum
1520 1177 1793 1232 liquamine
1820 1184 1973 1225 15(290›

117 1243 170 1288 et
203 1242 440 1299 ligustico
478 1243 710 1299 apponis.
750 1242 1051 1288 Ventrem
1090 1246 1155 1288 ut
1192 1244 1431 1289 tostum
1470 1243 1710 1297 faciaS,
1746 1243 1794 1288 in
1821 1248 1846 1287 2
1876 1251 1975 1293 (zu)

119 1308 360 1355 cantabro
390 1309 607 1362 involve,
638 1310 817 1365 postea
848 1310 900 1354 in
930 1310 1145 1354 muriam
1175 1310 1335 1355 mittis
1367 1312 1420 1355 et
1447 1310 1521 1355 sic
1549 1321 1721 1366 coque.

190 1373 320 1420 VIII.
353 1374 558 1420 LVMBI
591 1374 671 1419 ET
705 1374 930 1421 RENES.
986 1375 1279 1421 Lumbuli
1309 1376 1443 1422 assi
1476 1377 1571 1421 ita
1599 1376 1794 1421 fiunt:
1824 1382 1967 1427 1<29.>.)

119 1442 416 1498 aperiuntur
451 1442 505 1486 in
543 1439 668 1486 'duas
710 1443 882 1498 partes
922 1443 993 1487 ita
1031 1444 1085 1487 ut
1124 1443 1339 1499 expansi
1377 1443 1494 1496 sint,
1529 1444 1583 1488 et
1620 1455 1795 1499 asper-

121 1508 256 1563 gitur
300 1507 375 1553 eis
422 1508 572 1564 piper
618 1509 807 1561 tritum,
852 1508 1016 1554 nuclei
1058 1510 1112 1553 et
1158 1509 1479 1554 coriandrum
1525 1510 1794 1561 concisum,
1822 1524 1864 1553 ευ

121 1573 405 1619 minutatim
431 1573 623 1619 iactum
648 1576 701 1619 et
727 1586 899 1620 semen
926 1573 1134 1620 feniculi
1161 1576 1348 1620 tritum.
1378 1575 1562 1621 deinde
1588 1575 1796 1620 lumbuli

126 1639 449 1685 recluduntur
484 1638 619 1695 [assi]
652 1642 705 1686 et
737 1643 1042 1687 consuuntur
1076 1643 1127 1686 et
1158 1641 1483 1686 involvuntur
1515 1643 1717 1687 omento
1749 1645 1800 1687 et

123 1706 195 1751 sic
235 1707 606 1762 praedurantur
646 1707 697 1751 in
739 1707 852 1753 oleo
893 1709 945 1752 et
982 1707 1271 1762 liquamine,
1313 1708 1430 1753 inde
1471 1711 1707 1754 assantur
1747 1709 1795 1753 in

124 1770 320 1818 clibano
356 1772 436 1817 vel
473 1772 728 1818 craticula
1825 1782 1868 1810 ⁹4

196 1837 277 1883 IX.
316 1837 550 1883 PERNA.
591 1838 627 1883 1
668 1838 961 1892 Pernam,
1000 1839 1084 1884 ubi
1119 1852 1230 1886 eam
1269 1853 1379 1886 cum
1416 1840 1605 1887 Caricis
1642 1841 1961 1898 pluri—1429&

123 1904 217 1949 mis
247 1904 519 1950 elixaveris
549 1906 601 1949 et
632 1904 791 1950 tribus
823 1906 952 1951 lauri
981 1905 1136 1960 foliis,
1167 1906 1396 1952 detracta
1427 1909 1538 1953 cute
1569 1908 1799 1953 tessella—

126 1970 214 2014 tim
247 1971 440 2016 incides
473 1971 525 2015 et
558 1971 706 2015 melle
742 1971 1033 2028 complebis.
1067 1973 1251 2018 deinde
1285 1973 1505 2019 farinam
1537 1974 1650 2020 oleo
1685 1973 1799 2019 sub—

125 2038 288 2081 actam
322 2038 561 2082 contexes
595 2039 646 2082 et
679 2038 728 2082 ei
763 2038 953 2083 corium
988 2038 1174 2084 reddis.
1210 2041 1276 2092 et,
1309 2052 1420 2085 cum
1453 2040 1620 2085 farina
1655 2042 1798 2086 cocta

128 2100 298 2155 fuerit,
338 2101 532 2146 eximas
579 2100 728 2147 furno
774 2103 826 2147 et
870 2104 926 2147 ut
968 2104 1047 2148 est
1092 2103 1296 2149 inferes.
1357 2103 1518 2149 Pern
1535 2116 1605 2149 ae
1653 2099 1963 2150 coc-2(294*

129 2167 357 2211 turam:
378 2179 442 2211 ex
469 2179 596 2222 aqua
621 2179 731 2213 cum
758 2165 948 2214 Caricis
971 2170 1113 2214 cocta
1139 2170 1455 2226 simpliciter,
1479 2172 1535 2215 ut
1560 2170 1704 2224 solet,
1725 2171 1799 2215 in·
1822 2172 1864 2204 3⁰

207 2321 228 2361 1
263 2321 374 2361 uino
406 2321 455 2368 E,
488 2320 598 2362 uinsi
628 2322 670 2363 V
730 2324 966 2364 concisum
982 2325 1086 2374 Sch,
1120 2325 1314 2366 incisum
1346 2325 1423 2367 EV
1454 2327 1512 2377 ef.
1541 2339 1589 2377 ρ.
1613 2332 1678 2376 52,
1704 2331 1755 2367 25

130 2380 157 2420 4
189 2381 275 2420 hac
306 2381 504 2429 inpensa
528 2381 630 2431 Tor,
663 2383 783 2423 hanc
814 2383 1057 2434 inpensam
1090 2384 1166 2424 Ev
1228 2385 1406 2425 5tunsa
1440 2380 1592 2437 (tonsa
1622 2380 1680 2437 V)
1713 2386 1814 2425 trita

129 2438 206 2480 Ev
282 2440 518 2480 eneruiata
547 2440 625 2482 Ev
744 2440 772 2481 8
802 2442 971 2482 sllfium
1003 2445 1072 2484 sic
1101 2442 1179 2483 EV
1238 2445 1372 2494 ging-
1404 2443 1453 2492 E,
1484 2455 1630 2495 geng-
1662 2444 1703 2485 V

130 2497 158 2537 9
190 2498 496 2546 aqualiculum
534 2499 636 2547 Tor,
670 2501 927 2550 aqualicum
959 2501 1036 2543 EV
1100 2501 1151 2542 11
1186 2503 1360 2542 amulas
1391 2503 1527 2553 Ham,
1561 2504 1721 2544 ambas
1737 2503 1815 2544 EV

192 2556 245 2597 12
278 2568 379 2598 cum
413 2558 472 2598 ad
502 2557 638 2607 Ham,
672 2570 764 2608 qua
793 2559 871 2601 EV
931 2564 1089 2602 coctus
1119 2561 1221 2610 Tor,
1255 2565 1434 2602 coctum
1459 2562 1536 2604 Ev
1599 2562 1653 2604 13
1687 2563 1810 2604 colo-

132 2619 249 2656 retur
281 2612 329 2665 (ο
355 2618 509 2657 altera
541 2628 660 2658 corr.
692 2619 740 2658 in
765 2615 812 2668 e)
843 2618 898 2666 V,
930 2620 1152 2661 coleretur
1182 2620 1216 2661 E
1304 2620 1356 2661 15
1389 2623 1668 2670 temperabis
1701 2623 1811 2663 add.

133 2673 190 2715 Οἱ
250 2686 351 2716 cum
384 2684 425 2722 ς,
459 2686 562 2716 eum
594 2675 672 2716 Ev
750 2676 803 2717 17
837 2679 975 2719 mittis
1006 2678 1098 2726 EV,
1130 2679 1188 2730 cf.
1209 2685 1340 2730 p.49,
1359 2685 1408 2720 12
1487 2680 1540 2721 18
1572 2681 1735 2722 Lumbi
1769 2685 1814 2722 et

132 2743 264 2775 renes
294 2736 363 2776 sic
385 2734 463 2775 EV
495 2736 595 2783 hic:
626 2735 687 2785 ct&
708 2746 812 2787 cap.
843 2735 936 2777 VIII
994 2737 1047 2778 21
1082 2738 1272 2779 lumbuli
1304 2739 1595 2780 recluduntur
1616 2739 1665 2787 E,
1698 2741 1811 2780 lum-

133 2792 251 2834 bolis
282 2794 553 2834 ecluduntur
582 2793 624 2834 V
713 2794 770 2834 22
802 2796 894 2835 assi
926 2795 1019 2843 EV,
1051 2798 1139 2838 del.
1175 2797 1234 2839 Gi
1323 2797 1379 2838 26
1411 2799 1677 2839 tessellatim
1708 2799 1810 2846 Tor,

131 2852 361 2893 tessellum
392 2852 470 2893 EV
560 2852 616 2892 27
657 2853 821 2894 incidis
853 2853 930 2895 Ev
1020 2855 1077 2896 28
1110 2859 1330 2898 contexes
1361 2856 1450 2898 Sch
1491 2869 1546 2898 ex
1584 2870 1632 2908 ρ.
1656 2862 1721 2907 45,
1747 2863 1812 2907 10,

134 2913 342 2952 conteres
372 2910 449 2952 EV
532 2921 715 2953 coreum
746 2911 824 2953 EV
907 2916 952 2953 et
981 2914 1116 2962 Ham,
1150 2918 1199 2955 ut
1230 2914 1308 2956 Ev
1421 2915 1477 2955 29
1510 2919 1555 2956 et
1587 2920 1633 2956 ut
1665 2920 1735 2958 est
1767 2920 1812 2957 et

134 2968 250 3009 feres
282 2968 330 3014 E,
362 2972 411 3010 ut
442 2973 511 3010 est
543 2974 588 3011 et
617 2970 788 3011 inferes
818 2970 860 3012 V
