2008 3172
625 150 800 191 APICII
830 149 938 191 LlB.
962 149 1041 190 VII
1066 149 1240 189 16-—19
1434 177 1437 179 Α
1703 151 1770 199 57

92 270 376 311 caroenum,
418 258 586 302 vinum
629 255 824 301 modice
868 256 919 300 et
963 255 1112 312 piper
1153 254 1466 299 confractum
1510 258 1562 299 et
1603 254 1765 298 mellis

93 324 361 378 modicum,
389 324 443 369 et
472 323 683 369 ferveat.
727 333 838 367 cum
871 321 1133 373 ferbuerit,
1165 320 1331 365 amulo
1364 319 1579 375 obligas,
1609 321 1661 364 et
1692 321 1768 364 tu-

93 391 212 436 bera
251 401 577 446 compungeS‚
614 390 670 433 ut
710 388 999 434 combibant
1037 387 1176 432 illud.
1215 398 1447 432 exornaS.
1490 398 1602 432 cum
1640 385 1765 431 bene

92 456 395 509 sorbuerint,
422 455 627 500 inferes.
658 454 702 499 si
732 454 968 506 volueriS,
998 453 1177 499 eadem
1207 453 1387 498 tubera
1416 454 1620 498 omento
1650 464 1767 508 por-
1811 467 1833 495 4

26 513 30 517 Δ
91 523 204 569 cino
238 522 465 568 involves
500 522 553 566 et
589 520 786 566 assabis
824 521 876 565 et
910 521 983 565 sic
1018 519 1224 565 infereS.
1259 518 1477 564 Aliter
1512 518 1764 564 tubera.-
1790 525 1928 569 3(321)

90 600 415 644 oenogarum,
455 587 619 644 piper,
659 587 965 643 ligusticum,
1008 586 1344 638 coriandrum,
1387 586 1569 638 rutam,
1607 584 1766 640 liqua-

93 667 221 708 men,
258 654 372 708 mel,
410 654 596 706 vinum,
635 653 801 699 oleum
842 653 1053 698 modice.
1091 651 1375 698 calefacies.
1415 650 1635 697 Aliter
1672 652 1770 696 tu-
1794 659 1930 702 4(322)

91 722 263 766 bera:
291 720 457 777 piper,
482 721 720 772 mentam,
747 720 927 771 rutam,
954 719 1070 772 mel,
1094 718 1277 772 oleum,
1303 718 1475 763 vinum
1499 717 1767 763 modicum.

92 786 359 833 calefacies
395 788 447 831 et
482 786 688 831 inferes.
738 784 954 830 Aliter
990 784 1242 830 tubera:
1278 783 1414 830 elixa
1452 796 1562 830 cum
1599 795 1768 840 porro,
1792 794 1932 836 5623)

94 852 277 898 deinde
306 851 427 904 sale,
461 851 655 908 pipere,
686 850 955 897 coriandro
989 850 1205 901 conciso,
1235 861 1392 902 mero,
1423 848 1535 894 oleo
1568 848 1767 894 modico
1791 867 1834 898 10

94 917 296 964 inferes.
330 916 549 963 Aliter
583 917 838 962 tubera:
875 916 1038 973 piper,
1074 917 1339 968 cuminum,
1373 915 1495 968 silfi,
1530 915 1768 965 mentam,
1790 926 1928 970 6(324)

90 985 277 1042 apium,
306 987 487 1038 rutam,
516 984 630 1038 mel,
660 985 857 1030 acetum
889 984 969 1030 vel
998 984 1185 1036 vinum,
1215 983 1374 1029 salem
1401 983 1483 1029 vel
1512 983 1766 1039 liquamen

89 1053 142 1096 et
173 1051 340 1097 oleum
373 1051 586 1098 modice.

166 1116 317 1163 XVII.
358 1116 428 1161 IN
470 1115 847 1163 COLOCASIO.
902 1117 966 1161 In
1010 1117 1366 1162 colocasio:
1409 1117 1573 1173 piper,
1615 1117 1768 1162 cumi—
1837 1123 1930 1162 (3257

94 1197 225 1237 num,
259 1186 438 1236 rutam,
471 1183 585 1236 mel,
619 1183 891 1239 liquamen,
924 1183 1025 1229 olei
1059 1183 1324 1229 modicum.
1362 1195 1472 1228 cum
1506 1182 1770 1235 ferbuerit,
1793 1194 1834 1224 ις»

93 1250 258 1304 amulo
294 1250 507 1306 obligas.

166 1315 341 1362 XVIII.
383 1314 686 1362 COCLEAS.
743 1317 779 1362 1.
820 1315 1092 1363 Cocleas
1133 1317 1306 1362 lacte
1348 1318 1597 1372 pastas:
1640 1316 1931 1361 acci—rme>

94 1381 204 1437 pies
242 1381 455 1435 cocleaS,
496 1380 842 1438 spongizabis,
879 1381 1226 1427 membranam
1267 1380 1432 1433 tolleS‚
1473 1382 1527 1425 ut
1570 1380 1770 1437 possint

94 1449 313 1504 prodire.
341 1449 532 1495 adicies
560 1450 611 1493 in
639 1461 730 1494 vas
757 1449 837 1495 lac
861 1450 913 1494 et
941 1449 1100 1494 salem
1126 1460 1224 1494 uno
1253 1448 1350 1502 die,
1379 1449 1562 1494 ceteris
1591 1448 1768 1494 diebus

96 1511 197 1569 [in]
217 1513 296 1559 lac
323 1526 415 1571 per
440 1526 511 1566 se,
535 1514 588 1559 et
610 1513 748 1559 omni
773 1513 899 1560 hora
921 1513 1190 1559 mundabis
1217 1514 1425 1559 stercus.
1450 1525 1562 1559 cum
1589 1513 1768 1569 pastae
1791 1521 1833 1550 2⁰

95 1579 300 1634 fuerint,
325 1582 380 1625 ut
409 1591 508 1625 non
539 1581 738 1636 possint
766 1592 821 1625 se
851 1579 1124 1632 retrahere,
1152 1592 1217 1625 ex
1245 1580 1359 1625 oleo
1391 1579 1567 1634 friges.
1596 1580 1768 1624 mittes

94 1658 416 1702 oenogarum.
455 1646 692 1692 similiter
729 1648 782 1692 et
821 1646 979 1703 pulpa
1020 1647 1161 1704 pasci
1200 1647 1427 1703 possunt.
1471 1644 1766 1691 Cocleas:
1790 1647 1928 1687 2‹327)

96 1711 200 1758 sale
222 1724 349 1769 puro
374 1714 427 1757 et
450 1711 564 1757 oleo
590 1712 785 1758 assabis
809 1712 1029 1759 cocleas:
1055 1713 1235 1765 lasere,
1259 1711 1549 1768 liquamine,
1576 1712 1770 1769 pipere,

93 1779 203 1826 oleo
242 1779 513 1825 suffundis.
564 1777 834 1826 Cocleas
876 1792 1082 1825 assas:
1124 1780 1414 1836 liquamine,
1452 1781 1647 1836 pipere,
1687 1792 1769 1826 cu·
1794 1781 1819 1820 3

92 1846 242 1899 mino,
285 1846 541 1892 suffundis
585 1847 802 1892 assidue.
859 1846 1076 1892 Aliter
1120 1847 1400 1892 cocleas:
1444 1847 1672 1892 viventes
1718 1848 1765 1890 in
1794 1848 1933 1891 4328)

95 1912 169 1958 lac
202 1913 491 1969 siligineum
526 1912 784 1958 infundes:
821 1912 905 1957 ubi
939 1913 1119 1969 pastae
1151 1913 1357 1966 fuerint,
1392 1925 1590 1969 coques
1794 1921 1834 1951 2⁶

166 1977 293 2023 XIX.
334 1977 481 2024 OVA.
516 1978 552 2022 1.
586 1976 714 2024 Ova
743 1978 944 2024 frixa:
973 1980 1308 2035 oenogarata:
1342 1980 1380 2024 2.
1410 1978 1539 2024 Ova
1569 1979 1765 2025 elixa:
1795 1980 1815 2019 1
1837 1982 1932 2022 (329)

98 2045 383 2119 liquamine,
413 2044 541 2096 ole0,
572 2056 711 2090 mero
744 2043 825 2090 vel
856 2057 920 2090 ex
950 2045 1238 2101 liquamine,
1271 2047 1466 2102 pipere,
1495 2045 1672 2091 lasere
1706 2044 1768 2089 In
1800 2045 1824 2085 3

95 2110 234 2155 ovis
277 2110 560 2166 hapalis:
606 2110 771 2167 piper,
813 2110 1118 2167 ligusticum,
1162 2112 1365 2157 nucleos
1410 2111 1618 2156 infusos.
1666 2111 1769 2156 suf—

97 2175 277 2220 fundes
317 2176 431 2228 mel,
471 2177 689 2221 acetum:
731 2176 1004 2232 liquamine
1045 2177 1369 2234 temperabis.
1795 2186 1835 2215 3⁴⁴

173 2330 200 2370 3
234 2339 539 2380 conpungens
570 2329 646 2370 Ev
735 2333 783 2370 ut
812 2330 868 2377 V,
903 2335 948 2371 et
978 2331 1012 2371 E
1140 2331 1168 2370 4
1199 2330 1456 2371 sorbuerint
1487 2329 1599 2386 Seli,
1631 2330 1778 2371 ferbu-

100 2389 215 2428 erint
246 2387 324 2429 Ev
447 2388 472 2428 7
506 2389 657 2429 oleum
690 2390 872 2430 modice
901 2389 958 2437 V,
1000 2383 1031 2441 ‘s
1054 2389 1234 2430 modice
1266 2384 1298 2443 's
1318 2389 1470 2430 oleum
1503 2384 1673 2439 (siqnis
1704 2399 1780 2430 or-

101 2447 209 2488 dine
242 2444 485 2497 restItuto)
518 2447 553 2487 E
677 2447 733 2488 10
764 2448 870 2490 oleo
903 2449 1088 2489 modico
1120 2448 1318 2499 Brandt,
1364 2448 1535 2488 obomo
1566 2446 1657 2497 EV,
1698 2458 1779 2496 op-

102 2507 212 2547 timo
244 2506 364 2546 Ham
470 2505 524 2546 18
556 2506 816 2558 fongizabis
846 2507 924 2550 EV
1024 2506 1079 2547 19
1111 2509 1210 2549 sale
1240 2507 1319 2549 EV
1407 2506 1465 2547 20
1496 2506 1566 2547 lac
1598 2506 1700 2556 sch,
1733 2507 1778 2546 in

101 2567 169 2606 lac
201 2564 278 2606 EV
360 2564 410 2604 οἶ
450 2565 562 2606 hora
593 2574 643 2612 a,
678 2576 883 2607 ommora
911 2566 989 2608 EV
1101 2565 1155 2606 21
1191 2578 1249 2608 ex
1272 2567 1320 2614 E,
1353 2568 1399 2607 et
1429 2576 1488 2606 ex
1517 2565 1559 2605 V
1590 2566 1655 2606 ad
1686 2576 1778 2606 rem

99 2624 155 2674 cf.
187 2624 395 2665 Marcell.
420 2625 539 2665 med.
562 2628 628 2673 20,
652 2628 704 2665 35
823 2625 880 2666 22
922 2627 1088 2675 pulpas
1119 2625 1210 2671 EV,
1258 2626 1383 2675 pulte
1414 2624 1534 2665 Ham
1578 2625 1635 2676 cf.
1659 2624 1778 2665 Ptin.

101 2685 199 2724 nat.
222 2687 261 2733 9,
288 2688 363 2724 174
484 2682 542 2723 25
575 2683 802 2724 suffundis
833 2684 888 2732 V,
921 2695 993 2726 -es
1022 2684 1059 2725 Ε
1180 2685 1236 2725 27
1268 2686 1519 2734 enogarata
1550 2683 1603 2730 E,
1634 2693 1775 2725 oeno—

100 2736 202 2785 (sed
235 2743 398 2793 priore
437 2754 465 2783 o
499 2737 656 2791 erasa)
689 2741 731 2782 V
880 2755 968 2783 ova
1006 2744 1128 2786 elixa
1160 2743 1296 2792 Ham,
1340 2745 1400 2784 ob
1433 2741 1551 2783 elixa
1585 2741 1662 2782 EV

100 2799 157 2839 29
190 2801 335 2849 apalis
367 2801 443 2842 EV
1565 2800 1568 2803 ’
