2008 3172
246 146 316 196 28
872 143 1046 185 Apicii
1080 143 1188 187 ue.
1214 144 1272 185 iv
1291 145 1317 184 2

243 249 538 303 satureiam,
567 261 762 306 cepam,
794 249 979 303 vinum,
1011 249 1284 306 liquamen,
1316 254 1531 304 acetum,
1558 251 1742 298 oleum.
1773 253 1948 299 trans—

243 314 380 362 feres
409 315 459 360 in
490 315 751 372 patellam,
780 327 982 373 coques,
1011 316 1180 364 amulo
1207 316 1422 375 obligas.
1454 317 1683 375 thymum
1707 318 1763 365 et
1788 318 1948 379 piper

243 382 492 428 minutum
534 394 797 440 asparges.
839 386 894 430 et
936 383 1000 430 de
1043 395 1357 441 quacumque
1398 384 1571 438 herba,
1614 385 1658 430 si
1699 383 1942 439 volueris,

67 448 404 496 (140)2oiacies
437 450 491 494 ut
523 462 692 506 supra.
740 449 962 496 Patina
995 450 1071 497 de
1102 463 1268 507 apua
1302 451 1530 498 fricta:
1561 464 1750 510 apuam
1779 451 1946 506 lavas,

209 523 341 562 bova
371 517 668 572 confringes
698 520 751 562 et
782 528 895 563 cum
928 529 1060 575 apua
1091 518 1402 564 commisces
1446 518 1640 566 adicies
1667 517 1949 576 liquamen,

244 582 432 636 vinum,
468 583 650 636 oleum,
686 583 846 630 facies
884 586 941 630 ut
977 583 1192 637 ferveat,
1227 588 1280 630 et
1316 596 1429 631 cum
1463 585 1730 639 ferbuerit,
1763 586 1940 633 mittes

244 661 444 706 apuam.
495 662 605 696 cum
648 650 868 703 duxerit,
911 650 1167 697 subtiliter
1207 663 1396 698 versaS.
1436 652 1597 699 facies
1637 654 1694 699 ut
1731 652 1946 706 coloret,

243 714 557 773 oenogarum
592 717 812 774 simplex
849 717 1142 774 perfundes.
1180 718 1329 775 piper
1364 729 1612 776 asparges
1645 720 1700 766 et
1730 718 1939 766 inferes.

68 781 486 832 <141)21Patina
523 795 598 828 ex
639 782 884 839 lagitis
922 785 987 828 et
1027 782 1419 830 cerebellis:
1457 783 1620 842 friges
1659 796 1757 831 ova
1797 784 1948 839 dura,

189 861 232 892 ιο
247 848 498 895 cerebella
526 848 689 895 elixas
718 851 772 894 et
800 862 1033 903 enervas,
1063 850 1263 906 gigeria
1292 850 1548 907 pullorum
1577 861 1778 908 coques.
1817 851 1944 898 haec

247 916 417 962 omnia
453 916 654 963 divides
692 919 901 973 praeter
937 918 1145 974 piscem,
1182 929 1459 975 compones
1493 918 1544 964 in
1581 919 1758 976 patina
1794 930 1948 977 prae·

247 983 408 1028 mixta
437 983 624 1029 salsum
659 986 855 1029 coctum
888 985 937 1028 in
970 985 1141 1030 medio
1172 995 1347 1041 pones,
1379 987 1515 1032 teres
1547 986 1713 1043 piper,
1743 985 1947 1044 ligusti-

251 1058 387 1099 cum,
429 1046 692 1092 sufiundes
734 1046 1033 1105 (passum),
1076 1052 1128 1092 ut
1170 1048 1320 1093 dulce
1351 1049 1430 1094 sit.
1464 1048 1746 1106 piperatum
1780 1048 1955 1095 mittes

190 1132 234 1162 14
249 1119 299 1162 in
337 1118 581 1175 patinam,
622 1117 781 1163 facies
820 1120 875 1164 ut
911 1117 1125 1163 ferveat.
1164 1131 1275 1164 cum
1313 1118 1578 1172 ferbuerit,
1617 1131 1758 1166 ramo
1799 1120 1944 1167 rutae

70 1184 232 1231 (142)22
250 1183 472 1241 agitabis
509 1189 562 1231 et
601 1187 771 1232 amulo
810 1186 1079 1244 obligabis.
1135 1188 1369 1233 Patina
1407 1187 1758 1235 mullorum
1798 1187 1950 1235 loco

249 1252 439 1298 salsi:
472 1252 658 1300 mullos
697 1254 863 1307 rades,
899 1255 950 1299 in
988 1255 1165 1311 patina
1199 1256 1388 1301 munda
1424 1266 1717 1313 compones,
1751 1255 1946 1303 adicies

253 1314 387 1378 <olei
402 1320 537 1375 quod
553 1321 678 1366 satis
693 1323 773 1366 est
793 1323 847 1366 et
873 1320 1062 1367 salsum
1089 1322 1401 1378 interpones.
1428 1316 1626 1382 facies>
1649 1323 1707 1368 ut
1729 1321 1948 1367 ferveat.

248 1399 360 1432 cum
389 1387 655 1442 ferbuerit,
686 1390 901 1435 mulsum
932 1390 1106 1436 mittes
1136 1394 1225 1436 aut
1252 1402 1475 1447 passum.
1518 1391 1668 1450 piper
1694 1400 1947 1450 asparges

73 1450 302 1498 (143)23et
327 1453 532 1499 inferes
578 1454 811 1499 Patina
840 1456 1125 1511 piscium
1156 1456 1300 1501 loco
1327 1456 1520 1502 salsi:
1550 1456 1719 1514 pisces
1745 1453 1951 1513 quales·-

193 1524 235 1555 ·20
251 1518 377 1566 libet
397 1523 601 1567 curatos
627 1522 804 1578 frigeS,
830 1523 879 1567 in
905 1520 1134 1580 patinam
1158 1534 1450 1580 compones,
1472 1522 1666 1571 adicies
1688 1521 1791 1570 olei
1814 1522 1951 1580 quod

254 1583 375 1629 satis
417 1587 492 1630 est
537 1587 586 1629 et
629 1585 819 1630 salsum
861 1586 1167 1644 interponeS.
1200 1586 1356 1632 facies
1389 1589 1443 1631 ut
1473 1586 1680 1632 ferveat.
1713 1597 1829 1633 cum
1858 1585 1956 1631 fer-

73 1655 235 1697 (144›24
251 1653 435 1707 buerit,
464 1655 636 1701 mittes
668 1655 883 1701 mulsam
914 1657 967 1701 et
995 1657 1073 1701 ius
1106 1655 1340 1713 agitabis
1377 1655 1611 1702 Patina
1641 1657 1950 1714 piscium:

252 1721 420 1777 pisces
435 1722 740 1777 qualeslibet
757 1723 907 1768 rades
921 1725 972 1768 et
987 1725 1191 1769 curatos
1223 1723 1410 1770 mittes.
1447 1735 1602 1781 cepas
1615 1724 1780 1770 siccas
1793 1722 1953 1771 Asca-

251 1789 415 1835 lonias
451 1790 527 1835 vel
571 1789 780 1836 alterius
821 1792 1025 1847 generis
1063 1792 1299 1838 concides
1337 1788 1393 1836 in‘
1425 1793 1654 1849 patinam
1687 1795 1742 1839 et
1777 1793 1947 1850 pisces

196 1864 406 1913 25super
450 1867 741 1912 compones.
789 1858 980 1904 adicies
1029 1859 1301 1914 liquamen,
1346 1859 1528 1905 oleum.
1589 1870 1702 1906 cum
1747 1860 1949 1907 coctum

251 1923 424 1977 fuerit,
455 1923 644 1970 salsum
679 1926 874 1970 coctum
912 1926 959 1970 in
998 1925 1166 1972 medio
1199 1937 1373 1982 pones.
1410 1926 1701 1972 addendum
1732 1927 1948 1973 acetum.

77 1996 171 2037 (1453-
184 1993 239 2032 25
253 2001 502 2047 aspar-ges
548 1992 602 2036 et
647 2003 885 2037 coronam
934 1991 1186 2038 bubulam.
1246 1992 1570 2039 Patellam
1617 1991 1950 2040 Lucretia-

253 2069 410 2103 nam:
447 2069 600 2114 cepas
636 2058 965 2114 pallachanas
1005 2071 1196 2117 purgas
1236 2057 1444 2115 (viridia
1477 2071 1650 2106 earum
1687 2058 1951 2119 proicies),

254 2125 303 2168 in
330 2125 555 2181 patinam
585 2125 835 2171 concides.
874 2125 1163 2181 liquaminis
1190 2126 1459 2180 modicum,
1481 2127 1651 2174 oleum
1675 2127 1730 2174 et
1749 2137 1946 2184 aquam.

198 2203 241 2232 ,πο
254 2190 372 2236 dum
401 2191 648 2247 coquitur,
675 2191 865 2237 salsum
893 2194 1103 2238 crudum
1131 2194 1180 2238 in
1210 2194 1432 2240 medium
1462 2195 1625 2250 ponis.
1650 2195 1704 2239 at
1726 2193 1813 2240 ubi
1837 2205 1951 2240 cum

254 2257 390 2303 salso
421 2269 583 2314 prope
614 2263 756 2303 cocta
787 2258 959 2312 fuerit,
990 2259 1155 2306 mellis
1185 2260 1414 2306 cocleare
1445 2273 1711 2318 asparges,
1737 2261 1870 2307 aceti
1898 2262 1951 2306 et

335 2414 362 2452 4
395 2415 648 2457 admodum
684 2416 834 2455 sittzlle
866 2418 1170 2466 praeceptum
1205 2419 1261 2457 cle
1294 2418 1458 2465 laquis
1488 2421 1528 2466 4,
1551 2421 1591 2465 2,
1615 2420 1671 2457 26
1736 2426 1858 2467 apua
1893 2415 1956 2454 la-

260 2484 344 2513 uas
377 2472 454 2514 Ev
532 2473 557 2513 5
590 2474 698 2523 apia
730 2473 807 2515 Ev
881 2474 909 2515 9
940 2475 1093 2526 lagitis
1117 2470 1230 2522 Bw,
1264 2476 1430 2526 lagatis
1459 2470 1524 2517 V¹
1586 2475 1698 2518 dura
1727 2476 1798 2517 sic
1819 2473 1898 2516 BV

263 2532 319 2573 10
350 2533 527 2584 gigeria
560 2532 694 2580 Ham,
728 2535 896 2575 cizeria
927 2534 975 2581 Ε,
1008 2535 1185 2577 cizema
1215 2534 1257 2575 V
1335 2545 1548 2586 quoques
1579 2535 1633 2582 V,
1667 2534 1831 2585 coquis
1861 2533 1896 2574 E

264 2592 317 2634 13
360 2602 545 2641 passum
596 2594 667 2632 vel
712 2593 905 2635 mulsum
947 2595 1058 2635 add.
1091 2594 1212 2635 Ham
1338 2595 1471 2637 dulce
1510 2594 1566 2642 13,
1611 2594 1757 2637 dulcis
1795 2592 1839 2635 V

265 2650 320 2690 16
353 2651 517 2693 mullos
551 2645 663 2699 EV2,
708 2652 846 2693 mullo
879 2647 942 2694 V¹
1053 2653 1106 2693 17
1140 2654 1438 2695 olei—facies
1477 2656 1589 2696 add.
1621 2653 1725 2695 Βοὴ.
1754 2664 1821 2695 ex
1851 2653 1880 2694 l.
1904 2657 1959 2693 20

326 2709 380 2750 19
411 2709 575 2751 Patina
607 2711 660 2758 V.
710 2723 803 2753 -am
839 2713 873 2753 E
957 2714 1077 2765 ⁴loco
1110 2714 1219 2754 salsi
1250 2713 1300 2760 E,
1334 2715 1464 2756 locos
1497 2713 1574 2754 alii
1604 2712 1647 2755 V
1751 2711 1810 2753 22
1842 2713 1955 2753 mul-

263 2782 359 2811 sam
394 2772 462 2811 sic
485 2770 563 2812 Ev
640 2773 710 2812 ius
743 2772 943 2822 agitabis
977 2782 1017 2818 ς,
1052 2773 1325 2823 insagitabis
1350 2772 1440 2820 Ev,
1466 2783 1527 2814 an
1562 2773 1610 2814 in
1641 2781 1694 2814 se
1725 2771 1959 2823 agitabis?

263 2830 378 2881 ofip.
395 2834 460 2879 30,
482 2835 532 2870 16
607 2830 663 2871 23
693 2833 874 2872 curatos
891 2831 1027 2881 Ham,
1062 2832 1248 2873 duratos
1272 2831 1350 2874 Ev
1410 2831 1671 2873 ascalonias
1690 2828 1958 2879 a,-nasEV

324 2889 380 2930 27
413 2900 630 2931 coronam
665 2889 762 2936 Ev,
811 2891 1008 2932 cunilam
1057 2891 1161 2933 Sch.
1194 2903 1249 2933 ex
1291 2891 1409 2933 Ptin.
1443 2895 1507 2941 19,
1533 2894 1609 2932 165
1699 2886 1873 2932 bubula
1901 2888 1959 2936 V,

264 2950 376 2990 -lum
403 2960 523 2991 corr.
549 2951 595 2990 tn
623 2949 733 2990 -lam
758 2949 793 2990 E
871 2949 929 2991 28
963 2950 1262 3000 pallachanas
1287 2948 1433 3001 (pala-
1458 2944 1512 3004 Ε)
1537 2949 1636 2998 EV;
1669 2949 1726 3002 cf.
1748 2961 1798 3001 ρ.
1819 2952 1859 3000 9,
1879 2954 1914 2997 1,
1935 2954 1954 2990 1

265 3012 312 3048 at
335 3008 453 3049 pun.
474 3012 571 3049 nar.
592 3013 654 3058 19,
676 3012 750 3049 105
827 3009 884 3049 29
917 3013 962 3050 et
984 3003 1096 3056 VE',
1123 3021 1179 3050 ex
1206 3005 1259 3049 E*
1334 3009 1384 3050 31
1417 3008 1563 3051 mellis
1593 3009 1694 3058 Tor,
1722 3007 1858 3051 melle
1880 3006 1959 3049 Ev
