2008 3172
191 165 263 217 86
831 159 1251 203 APPENDICVLA

190 258 495 316 ’ἀρτοποιικόν
528 261 864 319 fragmentum
900 261 1125 320 longum,
1160 261 1211 304 ἐν
1234 266 1298 322 τῷ
1322 262 1619 324 ἀρτοκοπικῷ
1643 263 1889 312 Atii-'XIV

188 328 474 374 6470—648·
506 328 843 385 fragmentum
879 329 1088 387 longum
1123 342 1237 375 cum
1270 330 1554 388 praeceptis
1588 331 1764 377 variis:
1800 342 1808 367 ’-

263 463 334 509 29
364 461 528 505 Εὐθυ
520 463 718 517 δημος
749 459 774 505 ὁ
808 459 1051 517 Αθηναῖος
1091 461 1141 505 ἐν
1177 466 1241 522 τῷ
1272 463 1379 519 περὶ
1410 464 1677 522 λαχάνων
1705 465 1887 512 Ath.11

188 528 275 592 58‘.
308 529 490 576 111741‘.
525 528 588 574 IX
612 528 721 575 369⁰
762 527 983 584 Εὔδημος
1012 531 1135 576 trad.
1170 530 1524 590 fragmentum.
1586 532 1698 579 371⁸
1731 531 1887 589 Εὔδη-

189 612 273 651 μος
305 598 427 642 trad
470 621 525 627 —
566 594 617 638 ἐν
648 597 711 655 τῷ
743 595 851 650 περὶ
883 594 1133 653 ταρίχων
1173 596 1512 645 Ath.111116⁸
1546 599 1886 659 fragmentum

191 678 306 711 cum
339 664 570 710 versibus
603 662 906 721 (Hesiodi?).
940 663 1064 710 118¹‘.
1098 664 1335 711 V11307b.
1366 666 1488 713 308⁰.
1520 663 1639 714 315‘.
1667 665 1794 714 328⁶.
1830 692 1883 698 —

190 731 358 779 Schol.
393 731 443 776 in
484 730 724 776 Nicandri
765 730 910 777 Ther.
934 731 1024 777 585
1062 744 1109 789 p.
1141 732 1202 777 46
1242 731 1522 780 Schneider
1561 733 1886 796 (βσυπλεύρου)

191 797 471 854 μνημονεύει
497 832 505 839 .
527 832 535 840 .
558 834 565 842 .
588 833 595 840 .
624 797 702 839 καὶ
730 793 1063 848 Ἐπαίνετος
1097 797 1146 842 ἐν
1179 803 1240 857 τῷ
1266 799 1373 854 περὶ
1404 798 1634 893 λαχάνων.

257 934 330 980 30.
368 933 666 990 Geoponica
708 934 787 978 ed
830 933 1003 978 Beckh
1031 934 1106 988 18,
1132 934 1186 979 21
1223 948 1269 992 p.
1295 935 1384 981 499
1431 932 1620 992 Μέλκης
1666 932 1887 980 σκευασία

187 1000 436 1055 σύντομος·
470 997 749 1054 Παξάμου
781 998 968 1058 (potius
995 1013 1058 1047 ex
1090 1002 1347 1060 georgicis
1379 1015 1533 1060 quarn
1566 1014 1631 1049 ex
1663 1006 1888 1060 opsarty

187 1068 322 1121 ticis,
364 1067 520 1113 modo
560 1078 737 1113 verum
780 1067 843 1112 sit
885 1069 1109 1124 nomen).
1173 1067 1200 1125 ἡ
1234 1067 1497 1125 καλουμένη
1539 1067 1708 1126 μέλκη
1750 1067 1889 1113 αὐτο-

189 1131 371 1191 σχέδιος
415 1132 497 1177 καὶ
544 1129 744 1177 καλλίων
785 1132 912 1177 ἔσται
952 1133 994 1178 εἰ
1032 1133 1298 1190 κεραμέοις
1317 1133 1523 1192 ἀγγείοις
1561 1142 1749 1188 καινοῖς
1783 1133 1889 1188 ὄξος

186 1199 390 1259 ἐμβάλῃς
420 1200 586 1256 δριμὺ
601 1200 683 1244 καὶ
723 1201 902 1258 ἐπιθῇς
929 1199 1049 1246 αὐτὰ
1080 1203 1407 1264 θερμοσποδιᾷ
1439 1199 1468 1258 ἢ
1499 1202 1614 1258 πυρὶ
1644 1204 1889 1264 μαλθακῷ,

182 1265 425 1311 τουτέστιν
438 1263 508 1312 ἐπ’
525 1266 823 1323 ἀνθρακιάν·
838 1270 919 1312 καὶ
936 1267 1020 1314 ἐὰν
1034 1265 1192 1325 ὀλίγον
1204 1267 1405 1328 ἀναζέσῃ
1417 1265 1648 1324 τὸόξος,”
1622 1285 1705 1313 ινα
1716 1268 1778 1326 μὴ
1791 1268 1886 1313 ἀπὸ

188 1351 280 1379 των
313 1332 575 1415 σκευαρίων
616 1332 861 1393 ἀναποθῇ,
909 1333 1101 1386 ἑλκύσας
1147 1334 1242 1379 ἀπὸ
1276 1342 1359 1393 τῆς
1397 1337 1679 1391 ἀνθρακιᾶς,
1726 1334 1794 1388 εἰς
1830 1335 1888 1380 τὰ

190 1401 311 1446 αὐτὰ
343 1400 569 1457 σκευάρια
601 1400 712 1460 βάλε
745 1400 864 1459 γάλα
899 1402 978 1446 καὶ
1009 1400 1097 1453 θὲς
1129 1401 1251 1447 αυτὰ
1284 1403 1351 1455 εἰς
1380 1400 1711 1463 κιβωτάριον”ἰ
1685 1419 1714 1459 η
1739 1402 1886 1460 ἁρμά-

186 1478 293 1525 ’ριον
323 1466 352 1525 ἢ
386 1468 508 1514 ἔνθα
540 1467 767 1526 ἀκίνητον
797 1468 946 1526 μένει·
979 1470 1061 1514 καὶ
1091 1476 1146 1529 τῇ
1178 1467 1402 1532 ὑστεραίᾳ
1425 1469 1551 1525 ’ἕξεις
1588 1471 1740 1529 πολλῷ
1779 1473 1887 1515 καλ-

184 1536 316 1589 λίους
361 1535 539 1593 μέλκας]
576 1543 670 1581 τῶν
717 1539 861 1596 πολλῇ
910 1535 1048 1596 τέχνῃ
1081 1536 1574 1594 κατασκευαζομένων.
1623 1536 1683 1582 τὰ
1728 1537 1889 1596 μὲντοι

184 1603 412 1660 »σκευάρια
460 1602 572 1661 μετὰ
620 1605 811 1660 πρώτην
842 1601 871 1660 ἢ
904 1602 1129 1659 δευτέραν
1167 1611 1330 1662 χρῆσιν
1374 1603 1583 1648 ἄλλασσε.
1646 1605 1705 1651 cf.
1739 1603 1889 1653 Colun

188 1672 341 1718 mella
368 1672 437 1726 12,
462 1671 492 1718 8
525 1671 667 1730 Apic.
693 1673 735 1726 7,
765 1674 785 1718 1
822 1679 934 1722 (308).

243 1741 332 1786 ·31.
374 1739 491 1786 Ath.
516 1737 628 1785 XIV
652 1737 766 1785 663(ἰ
821 1736 846 1782 ὁ
894 1735 1216 1795 Ἀρτεμίδωρος
1271 1739 1320 1783 ἐν
1376 1746 1480 1790 ταῖς
1527 1736 1890 1797 Ὀψαρτυτικαῖς

188 1807 414 1861 γλώσσαις
450 1804 537 1862 τὴν
568 1806 825 1863 ματτύην
858 1805 1119 1862 ἀποφαίνει
1158 1802 1321 1851 κοινὸν
1362 1803 1706 1852 εἶναιπάντων
1738 1803 1887 1863 ὄνομα

186 1880 278 1917 τῶν
315 1875 580 1918 πολυτελῶν
619 1871 887 1929 ἐδεσμάτων
927 1873 1085 1930 (ἡδυσ-
1124 1875 1282 1930 trad),
1329 1872 1526 1930 γράφων
1558 1870 1747 1924 οὕτως’.
1774 1870 1884 1917 ’ἔστι

185 1945 271 1990 τις
293 1939 424 1996 (εἴτις
462 1946 545 1996 τῆς
577 1942 722 1997 trad.)
771 1938 967 1995 ὄρννθος
1004 1939 1235 1998 ματτύης.
1279 1939 1506 1998 ἐσφάχθω
1554 1940 1638 1996 μὲν
1681 1937 1763 1985 διὰ
1805 1944 1888 1982 τοῦ

190 2005 418 2064 στόματος
458 2006 524 2059 εἰς
562 2006 648 2064 τὴν
687 2007 912 2063 κεφαλήν.
975 2006 1088 2052 ἔστω
1130 2005 1183 2052 δὲ
1222 2005 1362 2058 ἕωλος
1399 2005 1622 2061 καθάπερ
1655 2004 1680 2051 ὁ
1710 2004 1888 2062 πέρδιξ.

190 2073 275 2119 ἐὰν
306 2073 358 2119 δὲ
382 2074 541 2133 θέλῃς,
574 2074 637 2126 ὡς
661 2073 753 2132 ἔχει
786 2075 947 2126 αὐτοῖς
975 2081 1165 2130 πτεροῖς
1195 2076 1280 2120 ἐᾶν
1313 2072 1612 2132 τετιλμένην.’
1676 2069 1777 2118 εἷτα
1806 2068 1890 2118 τὸν

191 2140 372 2195 τρόπον
412 2142 573 2193 ἐκθεὶς
614 2147 696 2198 τῆς
727 2141 960 2196 ἀρτύσεως
1002 2141 1084 2185 καὶ
1125 2146 1208 2197 τῆς
1249 2140 1457 2200 ἑψήσεως
1489 2139 1699 2198 ἐπιφέρει
1730 2139 1889 2190 εὐθύς.

191 2209 291 2252 (καὶ
330 2206 517 2264 νομάδα
555 2215 760 2267 παχεῖαν
800 2206 884 2264 ἕψε
917 2209 997 2252 καὶ
1040 2209 1261 2259 νεοσσοὺς
1299 2215 1391 2253 τῶν
1432 2206 1524 2265 ἤδη
1555 2203 1889 2260 κοκκυζόντων,

190 2275 278 2320 ἐὰν
307 2274 455 2335 θέλῃς
484 2275 616 2332 παρὰ
647 2274 796 2321 πότον
822 2278 1044 2335 χρῆσθαι.
1078 2270 1154 2319 εἶτ’
1192 2274 1357 2329 ἐξελὼν
1385 2274 1445 2319 τὰ
1476 2274 1657 2333 λάχανα
1688 2273 1755 2325 εἰς
1782 2289 1890 2329 τρυ,

190 2340 321 2400 βλίον
353 2343 434 2386 καὶ
464 2348 546 2399 τῆς
571 2342 770 2398 ὄρνιθος
799 2349 892 2388 τῶν
924 2348 1076 2398 κρεῶν
1107 2340 1292 2393 ἐπιθεὶς
1307 2340 1585 2397 παρατίθει·
1618 2347 1701 2387 τοῦ
1716 2339 1891 2396 θέρους

187 2409 294 2453 ἀντι
341 2418 424 2453 τοῦ
469 2407 608 2463 ὄξους
650 2415 733 2465 τῆς
777 2409 992 2466 ὄμφακος
1034 2408 1246 2466 ἐμβαλὼν
1291 2409 1358 2460 εἰς
1399 2407 1482 2453 τὸν
1521 2405 1673 2465 ’ζωμὸν
1704 2407 1767 2458 ὥς
1794 2405 1888 2466 ἔχει

186 2476 297 2527 τοὺς
327 2473 516 2535 βότρυς·
551 2475 749 2521 ἐπειδὰν
772 2476 826 2521 δὲ
852 2474 981 2534 ἑφθὴ
1012 2473 1219 2533 γένηται,
1252 2475 1372 2530 ἔξελε
1396 2474 1511 2533 μετα
1533 2482 1616 2520 τοῦ
1641 2468 1889 2534 βοτρυδίου

189 2543 279 2598 πρὸ
311 2551 395 2588 τοῦ
434 2543 487 2587 τὸ
529 2542 752 2600 γίγαρτον
792 2543 1053 2599 ἐξαφεῖναι,
1094 2538 1213 2586 εἷθ’·
1205 2558 1372 2595 -ουτως
1411 2542 1463 2587 τὸ
1503 2541 1710 2599 λάγανον
1748 2536 1890 2583 κατά·

186 2614 386 2663 θρυπτε.
436 2607 571 2662 οὗτος
605 2609 911 2669 <ὁ>ματτύης
944 2610 993 2653 ἐν
1025 2615 1125 2659 τοῖς
1155 2608 1399 2665 ἡδίστοις,

264 2678 337 2724 32.
371 2678 553 2724 Pollux
587 2678 772 2725 Onom.
798 2678 864 2723 VI
887 2678 946 2724 57
966 2691 1025 2735 ..p
1050 2677 1139 2723 242
1163 2677 1363 2724 Bekker
1407 2674 1461 2722 τὸ
1509 2677 1560 2722 δὲ
1591 2677 1764 2729 θρῖον
1795 2667 1886 2715 ὦδε

194 2744 460 2796 ἐσκεύαζον·
496 2743 633 2799 στέαρ
666 2743 797 2788 υειον
830 2743 988 2799 ἑφθὸν
1011 2743 1125 2800 μετὰ
1156 2742 1386 2801 γάλακτος
1417 2742 1558 2801 μίγνυ
1588 2739 1771 2799 χόνδρφ
1799 2753 1890 2782 πα-

188 2820 274 2868 χεῖ,
307 2810 620 2867 συμφυράσας
651 2808 697 2855 δ’
735 2809 856 2854 αὐτὰ
887 2813 1011 2870 τυρῷ
1037 2812 1194 2871 χλωρῷ
1220 2812 1303 2855 καὶ
1335 2808 1543 2859 λεκίθοις
1571 2804 1676 2866 ᾠῶν
1706 2805 1787 2849 καὶ
1818 2805 1890 2861 ἐγ-

190 2877 428 2961 κεφάλοις,
459 2878 724 2936 περιβαλὼν
757 2885 899 2935 συκῆς
922 2877 1077 2937 φυλλῳ
1110 2877 1289 2933 εὐώδει,
1322 2880 1452 2936 ζωμῷ
1485 2869 1764 2932 ὀρνιθείῳἸ
1739 2888 1768 2928 η
1799 2870 1889 2928 έριὲ

186 2943 303 3005 φείῳ
345 2945 497 3003 ἔνεψε,
544 2944 703 2989 ἔπειτα
745 2944 912 2998 ἐξελὼν
954 2944 1035 2988 καὶ
1066 2941 1118 2989 τὸ
1151 2943 1328 3000 φυλλον
1370 2941 1558 2999 ἀφελὼν
1602 2940 1766 2999 ἔμβαλε
1811 2938 1878 2989 εἰς

184 3012 376 3067 ἀγγεῖον
418 3010 560 3067 γέμον
603 3010 782 3067 μέλιτος
820 3008 1015 3064 ζέοντος.
1070 3011 1151 3054 καὶ
1182 3007 1233 3055 τὸ
1274 3008 1360 3067 μὲν
1392 3008 1541 3064 ὄνομα
1579 3010 1643 3067 τῷ
1674 3002 1890 3063 ἐδέσματι
