2008 3172
222 153 295 202 82
917 149 1226 193 BXCERPTA

225 249 343 295 iuris
374 250 542 296 iacere
576 251 820 309 coeperit,
861 255 981 297 tunc
1022 251 1215 298 adicies
1247 253 1504 299 heminam
1549 266 1702 299 unam
1736 266 1929 338 aquaeaj

225 317 299 362 sic
330 327 589 375 percoque
624 320 674 363 et
704 317 777 364 sic
808 318 1087 376 porcellum
1121 318 1318 365 inferes.

65 392 162 431 (393)
299 382 450 430 XXV.
483 384 829 431 Porcellum
865 383 1221 431 lasaratum:
1256 389 1389 433 teres
1422 387 1473 432 in
1498 387 1736 434 mortario
1766 366 1928 465 piper,-

224 450 533 509 ligusticum,
553 463 773 504 careum,
798 451 983 498 misces
1001 452 1261 498 cuminum
1286 453 1562 511 paululum,
1588 454 1719 500 lasar
1732 454 1929 508 vivum

187 517 401 563 5lasaris
444 518 685 571 radicem,
730 518 980 565 suffundis
1020 521 1237 571 acetum,
1285 519 1430 565 addis
1473 520 1685 567 nucleos
1728 519 1923 578 pineos,

224 588 497 642 caryotam‚
531 586 647 638 mel,
681 588 898 639 acetum,
931 585 1205 643 liquamen,
1240 586 1418 643 sinape
1440 586 1641 632 iactum.
1675 587 1793 633 oleo
1817 598 1930 633 om·-

222 652 317 696 nia
340 654 600 709 temperas
630 655 680 698 et
712 652 986 710 perfundis

65 726 160 767 (391)
299 719 471 765 XXVI.
520 719 863 766 Porcellum
914 720 1338 766 iuscellatum:
1386 721 1540 766 mittis
1584 721 1635 767 in
1681 722 1923 768 mortario

221 787 378 845 piper,
412 786 703 844 ligusticum
737 790 824 832 aut
854 787 1113 840 anethum,
1148 788 1482 842 coriandrum,
1522 791 1699 866 rutam,
1740 789 1925 835 bacam

164 865 205 895 10
224 853 365 905 lauri,
390 853 604 906 fricabiS,
631 853 893 900 suffundes
919 854 1194 912 liquamen,
1219 866 1437 912 porrum,
1461 854 1598 912 passi
1622 853 1733 900 sive
1756 854 1928 901 mellis.-

223 920 497 972 modicum‚
530 920 706 966 vinum
741 921 1017 974 modicum,
1064 922 1161 966 olei
1198 921 1526 979 aliquantum.
1562 934 1678 967 cum
1712 921 1923 974 coxeris,

223 987 396 1033 amulo
430 987 700 1045 obligabis.
1925 1012 1928 1014 -

64 1062 159 1102 <370)
298 1054 492 1100 xxvn.
525 1057 762 1113 Agnum
797 1056 1162 1113 simplicem:
1206 1056 1269 1100 de
1305 1068 1440 1114 agno
1475 1055 1733 1101 decoriato
1765 1055 1928 1102 iacies

224 1122 510 1180 copadiola‚
554 1122 752 1169 lavabis
801 1122 1086 1180 diligenter,
1131 1122 1300 1167 mittes
1333 1122 1383 1167 in
1428 1123 1666 1168 caccabo.
1729 1121 1931 1168 adicies

166 1201 206 1230 ιε»
225 1189 410 1242 oleum,
453 1188 726 1246 liquamen,
766 1190 955 1250 vinum,
1002 1201 1220 1247 porrum,
1262 1189 1579 1234 coriandrum
1615 1189 1773 1235 cultro
1806 1200 1930 1235 cona

225 1255 399 1300 cisum.
450 1268 563 1301 cum
600 1256 783 1301 bullire
817 1255 1054 1313 eoeperit,
1088 1256 1294 1313 saepius
1327 1256 1544 1314 agitabis
1578 1260 1628 1301 et
1659 1256 1856 1301 inferes,

66 1331 159 1370 (371)
300 1322 513 1369 XXVIII.
568 1323 843 1369 Haedum
894 1323 1248 1368 lasaratum:
1304 1323 1456 1368 haedi
1505 1323 1742 1369 intestina
1790 1323 1929 1369 bene

223 1393 435 1449 purgata
484 1391 666 1448 imples
705 1391 902 1448 pipere,
951 1390 1254 1447 liquamine,
1305 1390 1490 1442 lasare,
1540 1390 1657 1436 oleo
1707 1393 1757 1435 et
1796 1389 1923 1436 intra

222 1458 446 1503 haedum
504 1458 671 1503 mittes
722 1462 771 1503 et
817 1458 951 1503 bene
1008 1469 1225 1503 consues
1282 1460 1331 1503 et
1379 1469 1519 1502 cum·
1549 1457 1719 1503 haedo
1772 1457 1922 1502 simul

163 1538 206 1567 ευ
223 1529 522 1584 coquuntur.
575 1528 771 1570 etcum
817 1525 1090 1577 decoxerit,
1137 1524 1329 1570 adicies
1373 1525 1423 1569 in
1467 1523 1707 1570 mortario
1746 1525 1925 1576 rutam,

223 1595 403 1639 bacam
438 1593 564 1637 lauri
591 1596 641 1638 et
671 1593 894 1638 levatum
929 1593 1149 1637 haedum
1179 1595 1332 1648 atque
1357 1594 1653 1636 exsucatum
1679 1591 1791 1648 ipso
1816 1591 1928 1636 iure

223 1660 484 1718 perfundis
521 1663 570 1705 et
603 1659 675 1705 sic
708 1660 869 1717 ponis.
1925 1679 1930 1685 ·

66 1736 161 1773 ι255)
301 1726 471 1771 XXIX.
505 1726 737 1772 Turdos
770 1727 1277 1783 hapantamynos:
1313 1732 1443 1772 teres
1468 1728 1625 1784 piper,
1658 1726 1803 1778 lasar,
1835 1726 1931 1772 ban

225 1807 337 1839 cam
372 1794 510 1845 lauri,
546 1794 797 1839 admisces
830 1795 1034 1840 cumino
1060 1807 1238 1852 garum
1273 1799 1321 1839 et
1362 1794 1433 1839 sic
1466 1793 1667 1838 turdum
1693 1804 1782 1849 per
1805 1796 1918 1850 gut-

165 1872 207 1902 25
224 1865 303 1906 tur
336 1861 517 1918 imples
564 1864 612 1905 et
656 1861 742 1906 filo
788 1861 981 1918 ligabis
1037 1867 1086 1906 et
1117 1860 1272 1906 iacies
1306 1861 1353 1906 ei
1386 1861 1686 1917 impensam,
1733 1858 1783 1904 in
1815 1871 1919 1916 qua

225 1930 551 1986 decoquatur,
585 1940 716 1984 quae
751 1929 936 1973 habeat
968 1929 1153 1981 oleum,
1188 1928 1333 1980 sales,
1368 1940 1567 1984 aquam,
1600 1926 1840 1971 anethum
1875 1928 1925 1970 et

226 1995 391 2052 capita
426 2007 702 2052 porrorum.

66 2064 161 2102 (256)
301 2061 449 2107 XXX.
484 2062 801 2107 Turtures:
838 2063 1048 2119 aperies,
1074 2064 1277 2108 ornabis
1303 2063 1586 2120 diligenter,
1619 2064 1751 2106 teres
1767 2059 1929 2117 piper

224 2130 368 2181 lasar,
412 2129 669 2186 liquamen
706 2130 979 2182 modicum,
1022 2130 1245 2175 infundis
1280 2130 1413 2186 ipsas
1454 2131 1670 2173 turtures
1712 2130 1763 2172 ut
1804 2138 1927 2173 con-

166 2197 402 2241 ³0b1bant
440 2196 548 2248 sibi,
586 2200 634 2240 et
666 2196 738 2240 sic
772 2208 924 2240 assas.
1332 2251 1334 2253 Ι

66 2264 161 2302 (ΖἯ)
303 2263 472 2308 XXXI.
510 2263 609 2307 lus
644 2264 701 2308 in
734 2264 1045 2320 perdices:
1082 2267 1213 2309 teres
1231 2264 1281 2308 in
1300 2263 1536 2307 mortario
1556 2262 1713 2319 piper,
1736 2260 1926 2318 apium,

227 2333 447 2376 mentam
484 2334 532 2374 et
566 2334 742 2382 rutam,
775 2329 1022 2375 suffundis
1057 2332 1271 2382 acetum,
1320 2329 1466 2374 addis
1501 2331 1771 2385 caryotam.
1806 2325 1920 2377 mel,

225 2400 439 2448 acetum,
476 2398 749 2453 liquamen,
784 2397 969 2442 oleum.
1018 2396 1164 2440 simul
1202 2408 1392 2453 coques
1427 2399 1475 2440 et
1509 2395 1704 2440 inferes,

735 2464 970 2518 Expli(cit)
1003 2468 1157 2508 breuis
1191 2469 1410 2508 ciborum.

299 2559 326 2597 4
359 2559 518 2599 lasaris
551 2559 748 2599 radicem
792 2560 845 2598 ut
881 2559 1117 2608 ylossema
1161 2558 1249 2599 del.
1282 2557 1369 2598 Sclz
1502 2557 1528 2596 8
1561 2556 1795 2598 iuscellatu
1829 2553 1920 2604 hie,

226 2618 415 2658 inscellu
450 2619 497 2658 in
532 2619 684 2658 indice
716 2618 758 2658 A
821 2617 848 2657 9
880 2621 1065 2658 anetum
1099 2617 1203 2666 Sch,
1237 2615 1384 2659 anesii
1417 2617 1457 2657 A
1533 2616 1588 2656 10
1618 2614 1846 2656 suffundls
1879 2615 1919 2654 A

260 2687 390 2725 porro
424 2677 465 2717 A
562 2677 614 2717 12
649 2677 874 2718 oblicauis
900 2676 940 2716 A
1030 2677 1083 2717 14
1116 2677 1367 2726 cupadiola
1391 2676 1432 2717 A
1514 2676 1567 2715 17
1600 2674 1842 2715 intestinas
1875 2677 1924 2714 et

230 2740 444 2787 purgatas
469 2736 510 2776 A
607 2735 661 2776 18
696 2738 827 2785 piper
858 2736 1091 2785 liquamen
1126 2736 1243 2776 lasar
1276 2733 1382 2777 olefi
1414 2735 1469 2781 A,
1505 2746 1633 2775 corr.
1662 2733 1849 2774 Brandt

227 2795 281 2835 21
308 2796 466 2836 lebato
499 2796 574 2845 edi
608 2796 714 2845 adq.
748 2799 947 2846 exugato
974 2795 1029 2841 A,
1062 2797 1119 2847 cf.
1145 2795 1242 2836 Ihm
1358 2795 1415 2836 23
1448 2795 1817 2844 hapantamynos
1846 2793 1934 2842 Vo,
1982 2836 1984 2839 ,

227 2858 599 2904 apantomoenos
630 2856 706 2895 hic
738 2858 786 2895 et
809 2858 1149 2905 apontomenos
1174 2857 1222 2895 in
1240 2853 1463 2903 indiceA‚
1497 2852 1720 2902 intelleyo
1744 2845 1919 2890 ἁπαντ·

227 2908 406 2965 άμυνος
436 2915 518 2965 qui
548 2916 709 2955 omnia
741 2915 859 2955 vitia
891 2915 1128 2955 stomachi
1159 2915 1358 2956 abarcet
1379 2909 1458 2963 (cf.
1482 2910 1694 2952 Marcell.
1719 2912 1838 2952 med.
1854 2915 1920 2959 20,

226 2970 298 3021 26)
376 2973 433 3013 24
465 2974 596 3014 turdo
631 2984 711 3022 per
742 2976 894 3024 guttor
924 2973 965 3013 A
1058 2973 1114 3013 25
1148 2976 1327 3022 impesa
1359 2971 1399 3012 A
1476 2969 1535 3011 26
1568 2966 1847 3011 decocantur
1878 2971 1920 3011 A

286 3032 344 3072 29
378 3035 502 3080 ipsas
535 3035 603 3073 si(-
635 3033 675 3072 A
769 3031 825 3073 30
858 3034 943 3073 siui
979 3033 1033 3077 A,
1069 3034 1125 3082 ef.
1159 3033 1254 3072 llnn
1349 3031 1400 3072 31
1439 3032 1546 3078 apio
1581 3029 1621 3069 A
