2008 3172
254 147 325 198 48
464 153 467 160 ¹
879 139 1056 183 AP1cn
1087 140 1196 183 Lm.
1220 139 1282 182 νι
1295 141 1323 181 9

251 250 542 306 liquamine,
575 249 705 302 oleo,
740 250 873 300 vitto,
910 249 989 294 cui
1025 247 1185 294 mittis
1220 246 1518 293 fasciculum
1554 246 1828 300 coriandri,
1860 258 1942 293 ce.-

252 329 384 374 pam.
421 316 623 369 deinde,
659 328 771 362 cum
808 317 980 362 coctus
1018 314 1188 366 fuerit,
1222 313 1417 360 levabis
1453 325 1569 360 eum
1604 313 1668 360 de
1703 313 1813 359 iure
1848 324 1941 370 suo

249 385 302 429 et
334 383 495 429 mittis
531 383 582 428 in
619 381 888 429 caccabum
924 393 1109 428 novum
1142 381 1221 427 lac
1255 383 1309 427 et
1339 380 1499 427 salem
1534 380 1805 434 modicum,
1838 379 1939 426 mel

249 452 302 496 et
329 462 491 507 aquae
519 449 799 503 minimum,
828 448 881 494 id
910 450 990 494 est
1017 448 1222 494 tertiam
1254 450 1468 504 partem.
1497 447 1645 504 ponis
1673 446 1747 494 ad
1769 447 1941 504 ignem
1998 478 2001 490 ,Α

217 517 441 564 5lentum
473 518 529 562 ut
559 517 805 573 tepescat,
839 517 1055 561 tractum
1089 514 1373 571 confringis
1401 515 1456 561 et
1485 514 1647 560 mittis
1679 513 1941 571 paulatim,

250 583 455 630 assidue
488 583 672 641 agitaS‚
703 595 766 629 ne
798 584 989 628 uratur.
1023 581 1215 638 pullum
1247 580 1352 627 illic
1382 581 1545 627 mittis
1574 581 1831 638 integrum
1859 580 1940 626 vel

254 650 502 707 carptum,
545 647 775 695 versabis
821 648 872 693 in
917 647 1127 700 lancem,
1173 646 1441 704 perfundis
1484 646 1562 692 ius
1606 645 1731 693 tale:
1778 646 1942 704 piper,

249 717 558 775 ligusticum,
586 717 871 773 origanum,
900 715 1159 761 suffundis
1190 714 1288 761 mel
1319 716 1373 760 et
1399 714 1642 761 defriturn
1672 714 1942 766 modicum,

252 785 305 830 et
330 784 407 829 ius
437 783 501 829 de
529 795 621 829 suo
650 782 763 835 sibi,
790 783 1075 839 temperas,r
1103 781 1153 826 in
1182 779 1451 826 caccabulo
1481 779 1640 826 facies
1665 781 1722 825 ut
1746 778 1940 825 bulliat.

75 855 362 900 (252114cum
390 851 632 906 bullierit,
659 849 828 897 amulo
855 849 1057 907 obligas
1085 850 1138 895 et
1163 848 1369 895 inferes,
1401 847 1626 894 Pullus
1651 847 1940 894 farsilis:

196 932 234 963 ιι
252 917 446 975 pullum
506 917 657 964 sicuti
720 915 1107 973 liquaminatum
1168 927 1196 959 a
1243 914 1441 961 cervice
1485 913 1746 971 expedies.
1803 914 1940 960 teres

252 986 416 1044 piper,
461 985 769 1043 ligusticum,
813 983 1060 1041 zingiber,
1107 982 1317 1041 pulpam
1363 994 1581 1036 caesam,
1623 981 1805 1029 alicam
1848 981 1943 1029 eli-

251 1066 383 1107 xam,
420 1054 557 1099 teres
594 1051 901 1099 cerebellum
938 1063 1005 1097 ex
1043 1051 1151 1096 iure
1188 1051 1400 1103 coctum,
1437 1060 1536 1096 ova
1570 1047 1854 1107 confr-iugis
1884 1051 1942 1095 et

249 1121 563 1174 commisceS‚
590 1121 645 1165 ut
669 1131 823 1165 unum
849 1130 1034 1176 corpus
1061 1116 1281 1164 efficias.
1304 1117 1580 1174 liquamine
1607 1117 1868 1174 temperas
1889 1118 1942 1162 et

196 1188 417 1235 isoleum
447 1187 647 1234 modice
678 1185 856 1240 mittis,
889 1186 1039 1243 piper
1070 1183 1341 1241 integrum,
1370 1179 1576 1230 nucleos
1608 1182 1942 1229 abundanter.

251 1255 332 1302 fac
360 1255 644 1312 impensam
673 1255 725 1300 et
753 1253 937 1310 imples
967 1250 1160 1311 pullum
1188 1252 1268 1298 vel
1299 1250 1595 1309 porcellum,
1620 1250 1693 1296 ita
1719 1252 1775 1296 ut
1800 1250 1943 1296 laxa·

74 1332 168 1373 ‹253›
251 1324 476 1369 mentum
518 1321 717 1367 habeat.
760 1320 996 1367 similiter
1039 1320 1092 1365 in
1135 1325 1263 1376 capo
1304 1318 1477 1365 facieS.
1521 1317 1723 1364 ossibus
1762 1317 1942 1364 eiectis

78 1396 450 1446 (muscoques.
487 1388 712 1434 Pullus
747 1387 1185 1433 leucozomus:
1221 1385 1443 1442 accipies
1479 1384 1671 1442 pullum
1702 1385 1757 1430 et
1788 1395 1944 1430 ornas

250 1458 305 1502 ut
330 1469 500 1513 supra.
530 1455 732 1512 aperies
761 1454 903 1500 illum
931 1466 960 1499 a
989 1455 1210 1511 pectore.
1241 1452 1462 1511 accipiat
1485 1462 1669 1509 aquam
1694 1452 1750 1497 et
1773 1449 1941 1498 oleum

195 1553 237 1585 20
253 1523 535 1580 Hispanum
563 1521 841 1567 abundans
879 1521 1106 1578 agitatur
1133 1522 1188 1565 ut
1214 1532 1279 1566 ex
1304 1531 1359 1566 se
1388 1518 1580 1565 amulet
1599 1517 1941 1565 et'humorem

252 1589 530 1636 consumat.
554 1589 750 1645 postea,
776 1598 887 1633 cum
913 1586 1085 1632 coctus
1110 1584 1283 1639 fuerit,
1307 1584 1658 1640 quodcumque
1685 1593 1839 1640 porro
1864 1594 1943 1629 re-

249 1656 496 1703 manserit
523 1656 641 1701 inde
670 1655 826 1701 levas.
857 1649 1008 1712 piper
1036 1653 1275 1711 aspargis
1302 1655 1362 1699 et¹
1384 1653 1589 1699 infereS.

344 1827 364 1868 1
402 1827 508 1869 oleo
525 1826 574 1873 E,
609 1828 761 1868 oleum
781 1825 821 1866 V
883 1824 911 1866 4
943 1836 1064 1875 aque
1098 1825 1335 1866 minimum
1367 1823 1417 1871 E,
1450 1819 1574 1874 aqua
1604 1821 1872 1866 eminirnum
1890 1821 1945 1869 V,

251 1898 403 1938 aquae
427 1888 629 1929 eminam
655 1896 690 1924 α
754 1885 779 1926 7
804 1887 1009 1935 carptum
1026 1883 1163 1935 Ham,
1189 1884 1408 1926 cariotum
1435 1882 1513 1924 Ev
1542 1883 1723 1924 lancem
1746 1881 1945 1930 Brandt,

252 1948 386 1988 lance
419 1957 555 1997 quem
588 1945 667 1987 EV
729 1945 891 1986 detrito
916 1943 994 1986 Ev
1117 1944 1173 1986 10
1204 1943 1370 1985 farsilis
1400 1943 1538 1992 Ham,
1570 1941 1718 1984 fusilis
1748 1939 1828 1982 Ev

235 2006 305 2047 -11
341 2007 476 2047 sicuti
516 2006 866 2056 liquaminatum
907 2004 1112 2055 Brandt,
1153 2001 1272 2045 sicut
1303 2003 1446 2055 ilique
1489 1998 1723 2044 cuminatfi
1754 1999 1846 2047 Ev,
1878 2000 1945 2041 sic

251 2076 313 2107 ne
335 2066 511 2117 ailquid
550 2066 598 2106 in
630 2076 689 2107 eo
732 2068 969 2106 remaneat
1009 2063 1153 2113 Ham,
1193 2064 1260 2105 sic
1298 2066 1349 2104 ut
1379 2063 1563 2114 aliquae
1602 2061 1773 2112 pulpae
1805 2060 1853 2101 in
1885 2069 1944 2101 eo

252 2128 521 2167 remaneant
568 2124 627 2167 Gi
672 2136 728 2167 ex
754 2136 803 2175 p.
836 2129 906 2173 63,
938 2129 1004 2172 273
1057 2124 1259 2166 brevitet·
1308 2125 1427 2165 sicut
1472 2122 1614 2172 aliqui
1662 2121 1942 2163 cuminatum

257 2185 345 2233 To;
378 2187 436 2237 cf.
458 2198 506 2237 ρ.
532 2189 596 2234 63,
620 2190 675 2225 27
758 2184 811 2225 12
844 2185 1059 2236 gingiber
1088 2183 1138 2232 E,
1169 2194 1317 2235 geng-
1350 2182 1391 2224 V
1454 2183 1641 2233 pulpam
1672 2180 1723 2228 P,
1756 2180 1944 2231 puipem

252 2244 328 2285 EV
403 2245 605 2295 aliquam
639 2244 716 2286 EV
779 2243 834 2285 14
866 2244 1129 2285 commiscis
1160 2243 1237 2284 EV
1303 2243 1355 2284 15
1388 2243 1677 2284 abundanter
1705 2239 1755 2288 E,
1786 2242 1880 2281 -tes
1904 2236 1945 2279 V

328 2303 381 2345 17
415 2314 534 2355 capo
567 2313 616 2352 α,
649 2315 793 2354 capso
825 2302 902 2345 EV
1001 2302 1054 2344 18
1088 2304 1275 2345 tltulum
1308 2302 1464 2344 Pullus
1495 2302 1795 2343 leucozomus
1825 2295 1944 2349 (leo-

252 2374 473 2406 cozomus
504 2363 553 2412 E,
586 2364 883 2406 leocezumus
914 2360 996 2414 V),
1038 2364 1120 2414 qui
1158 2364 1207 2403 in
1238 2361 1324 2403 EV
1367 2363 1489 2403 abiit
1515 2362 1630 2412 post
1655 2358 1709 2400 19
1742 2361 1941 2410 pectore,

250 2435 337 2465 suo
369 2424 473 2465 loco
506 2425 718 2465 restItuit
745 2424 980 2474 Baseyyio
1043 2421 1101 2463 20
1132 2432 1329 2472 spanum
1362 2421 1440 2462 EV
1500 2421 1672 2462 amulet
1693 2414 1942 2469 Βὰεοσρὶο,

253 2483 454 2525 ambulet
484 2482 563 2524 EV
654 2483 706 2524 21
744 2493 877 2533 porro
910 2481 959 2529 P,
994 2483 1112 2531 porri
1144 2481 1222 2522 Ev
1314 2481 1370 2521 22
1403 2481 1533 2523 leuas
1565 2479 1780 2527 V,-leues
1810 2474 1845 2516 Ε
