2008 3172
674 125 846 167 APICII
880 126 986 166 LIB.
1010 125 1050 166 X
1075 125 1158 166 2-·-
1164 125 1190 165 3
1700 130 1767 176 75

86 235 365 290 caryotam,
387 234 590 289 sinape,
609 232 736 280 mel
774 233 985 283 acetum,
1011 231 1289 287 liquamen
1308 234 1359 276 et
1394 231 1583 277 oleum
1594 233 1645 277 et
1678 231 1766 314 de-

90 299 283 344 fritum.·
1408 323 1409 326 =

161 364 505 410 111.1.1us
525 365 586 409 in
631 331 923 410 lacertos
968 365 1204 409 elixos:
1253 334 1418 420 piper
1459 335 1764 420 ligusticum
1830 374 1925 413 (467)

87 432 356 486 cuminum,
393 433 558 477 rutam
594 431 824 483 viridem,
863 443 1055 487 cepam,
1094 431 1209 482 mel,
1245 432 1458 483 acetum,
1495 430 1766 486 liquamen,

85 497 254 544 oleum
279 497 491 544 modice.
519 508 631 543 cum
657 496 898 550 bullierit‚
927 497 1093 542 amulo
1121 497 1333 553 obligas.
1367 496 1468 542 Ius
1494 498 1555 541 in
1583 497 1765 553 pisce
1790 507 1925 548 2<466>

88 563 288 611 elixo:
323 563 486 620 piper,
519 562 826 620 ligusticum,
862 562 1241 621 petroselinum,
1274 563 1557 618 origanum,
1589 574 1773 620 cepam.
1811 580 1831 610 ε

88 630 300 684 aridam,
327 629 441 683 mel,
468 631 681 682 acetum,
710 630 979 685 liquamen,
1008 630 1195 681 vinum,
1220 628 1388 675 oleum
1416 630 1628 675 modice.
1655 641 1766 675 cum

88 695 328 750 bullierit‚
355 695 522 741 amulo
551 696 764 752 obligas.
795 698 847 741 et
875 697 925 740 in
954 695 1097 753 lance
1126 696 1331 741 inferes,
1361 695 1462 740 Ius
1492 696 1553 740 in
1584 696 1767 752 pisce
1789 707 1926 751 3(468>

88 773 256 808 asso:
288 762 452 819 piper,
482 762 788 819 ligusticum,
819 761 1060 818 thymum,
1091 762 1412 808 coriandrum
1442 762 1622 815 viride,
1653 762 1768 809 mel.

90 830 303 882 acetum,
344 828 613 884 liquamen,
654 829 838 881 vinum,
880 828 1063 880 oleum,
1106 828 1363 874 detritum.
1404 828 1675 874 calefacies
1717 831 1832 879 et10

88 892 309 950 agitabis
332 895 474 938 rutae
500 892 699 938 surculo
723 894 776 938 et
797 892 1049 948 obligabis
1074 893 1255 938 amulo,
1282 892 1345 937 Iu
1362 905 1385 937 s
1411 893 1470 937 in
1498 892 1606 948 thy
1622 905 1651 937 n
1667 905 1697 937 n
1713 904 1765 938 o:
1789 906 1815 946 4
1834 909 1927 948 (469)

91 961 255 1017 piper,
290 961 555 1013 cuminum,
590 961 831 1017 thymum,
868 961 1205 1014 coriandrum,
1240 973 1435 1018 cepam,
1467 974 1616 1006 uvam
1654 974 1770 1018 pas-

89 1040 215 1080 sum,
260 1029 471 1079 acetum,
531 1027 644 1079 mel,
704 1028 891 1079 vinum,
935 1027 1205 1083 liquamen,
1246 1027 1427 1074 oleum.
1474 1028 1768 1077 calefacies:

89 1093 256 1138 amulo
293 1092 558 1146 obligabis.
611 1092 710 1136 lus
752 1094 809 1135 in
851 1093 1090 1147 thynno
1130 1093 1329 1137 elixo:
1369 1094 1531 1148 piper,
1571 1094 1767 1146 ligusti-
1791 1100 1927 1144 5(470)

91 1171 218 1213 cum,
262 1159 501 1216 thymum,
544 1159 866 1205 condimenta
910 1160 1199 1213 moretaria,
1245 1156 1438 1216 cepam,
1494 1163 1771 1216 caryotam,
1790 1171 1832 1205 15

90 1225 205 1279 mel,
239 1226 451 1278 acetum,
483 1226 737 1281 liquamen
772 1227 826 1270 et
858 1226 1025 1272 oleum
1058 1228 1110 1271 et
1145 1227 1336 1283 sinape.
1382 1226 1484 1272 Ius
1518 1227 1580 1271 in
1617 1227 1771 1272 den·
1791 1233 1929 1276 6(471>
1956 1272 1959 1275 ,

91 1291 222 1337 tice
250 1303 419 1338 asso:
450 1292 613 1348 piper,
641 1292 945 1349 ligusticum,
975 1292 1311 1346 coriandrum,
1337 1295 1575 1346 mentam,
1606 1295 1770 1338 rutam

91 1358 303 1412 aridam,
338 1358 526 1403 malurn
563 1356 843 1415 Cydonium
881 1360 1091 1411 coctum,
1128 1359 1242 1412 mel,
1277 1360 1464 1412 vinum,
1502 1359 1772 1415 liquamen,

90 1423 271 1469 oleum.
319 1423 604 1478 calefacieS,
642 1424 808 1470 amulo
846 1424 1113 1481 obligabis.
1165 1424 1231 1470 In
1268 1426 1532 1472 dentice
1571 1426 1769 1471 elixo:
1794 1434 1929 1475 7(472·›

91 1490 256 1546 piper,
295 1489 547 1543 anethum,
586 1491 851 1544 cuminum,
891 1491 1133 1548 thymum,
1172 1493 1410 1544 mentam,
1447 1495 1611 1537 rutam
1651 1493 1772 1537 viri-
1794 1507 1835 1538 ρο

93 1556 224 1610 dem,
259 1557 373 1610 mel,
410 1558 622 1609 acetum,
659 1556 929 1613 liquamen,
966 1558 1153 1610 vinum,
1188 1557 1355 1604 oleum
1391 1559 1604 1604 modice.
1641 1559 1773 1604 cale-

93 1620 252 1667 facies
279 1623 332 1667 et
365 1621 530 1666 amulo
561 1620 828 1678 obligabiS.
872 1621 975 1667 Ius
1006 1623 1067 1666 in
1101 1622 1284 1678 pisce
1315 1624 1571 1667 aurata:
1606 1623 1770 1680 piper,

91 1686 398 1744 ligusticum,
424 1699 639 1740 careum,
666 1688 949 1744 origanum,
978 1691 1120 1734 rutae
1149 1688 1343 1741 bacam,
1371 1690 1608 1742 mentam,
1636 1702 1769 1745 myr-
1792 1693 1819 1733 8
1859 1696 1951 1735 (473)

94 1754 176 1799 tae
200 1753 392 1806 bacam,
420 1754 505 1798 ovi
534 1753 775 1806 vitellum,
803 1753 916 1807 mel,
944 1757 1157 1806 acetum,
1186 1755 1368 1808 oleum,
1395 1756 1580 1808 vinum,
1610 1754 1770 1812 liqua—

92 1831 222 1865 men.
243 1819 512 1866 calefacies
535 1822 589 1864 et
611 1820 684 1865 sic
707 1821 878 1866 uteris.
917 1820 1018 1866 Ius
1044 1822 1107 1866 in
1131 1821 1313 1877 pisce
1339 1823 1573 1867 aurata
1596 1834 1769 1867 assa:
1793 1835 1835 1864 25

94 1885 258 1942 piper,
287 1885 635 1939 coriandrum,
675 1888 900 1932 mentam
941 1888 1154 1940 aridam,
1197 1888 1303 1945 apii
1345 1900 1533 1941 semen,
1576 1900 1770 1945 cepam,
1793 1893 1819 1933 9
1861 1896 1954 1932 (474)

94 1964 241 1997 uvam
267 1965 486 2027 passam,
513 1952 626 2005 mel,
651 1954 864 2005 acetum,
889 1955 1077 2007 vinum,
1102 1954 1354 2009 liquamen
1381 1956 1432 2000 et
1456 1954 1637 2000 oleum.
1668 1954 1769 1999 Ius

93 2018 156 2062 in
213 2019 569 2075 scorpione
629 2018 831 2064 elixo:
892 2020 1056 2077 piper,
1115 2032 1331 2073 careum,
1389 2021 1770 2078 petroselinum,
1796 2026 1865 2066 10
1870 2029 1956 2086 475)

96 2086 370 2139 caryotam,
396 2084 511 2137 mel,
539 2086 751 2137 acetum,
780 2084 1052 2142 liquamen,
1080 2086 1274 2143 sinape,
1300 2086 1483 2139 oleum,
1514 2086 1770 2132 defritum.

98 2148 163 2193 In
202 2150 384 2206 pisce
424 2162 858 2207 oenogarum:
899 2153 1033 2198 teres
1075 2153 1239 2211 piper,
1279 2156 1458 2205 rutam,
1497 2153 1596 2198 mel
1637 2164 1771 2199 com·
1796 2165 1838 2197 πυ

96 2215 295 2269 misces,
334 2228 554 2272 passum,
595 2216 863 2273 liquamen,
903 2230 1188 2271 caroenum,
1230 2221 1283 2265 et
1323 2220 1429 2275 igni
1471 2219 1770 2264 mollissimo
1796 2225 1955 2265 1κ476)

97 2281 381 2327 calefacies.
419 2276 705 2343 (Aliter)
744 2284 804 2328 in
843 2285 1027 2340 pisce
1064 2297 1226 2331 oeno
1244 2298 1318 2341 ga
1336 2298 1488 2330 rum:
1525 2287 1580 2330 ut
1618 2298 1771 2341 supra

98 2347 270 2393 facies,
296 2359 406 2393 cum
433 2347 674 2402 bullierit,
703 2348 868 2395 amulo
895 2351 1162 2407 obligabis.
1800 2358 1852 2397 12

176 2488 196 2528 1
232 2484 396 2537 sinape
427 2488 469 2528 V
529 2492 575 2529 et
605 2490 758 2530 oleum
785 2492 922 2533 etsie
945 2492 1022 2532 EV
1098 2492 1124 2531 5
1158 2496 1220 2542 10,
1235 2497 1275 2541 3,
1295 2497 1315 2533 1
1344 2488 1458 2544 (467)
1480 2494 1595 2544 post
1619 2496 1682 2539 10,
1699 2497 1737 2541 3,
1756 2497 1781 2530 2

101 2544 218 2597 (466)
243 2543 297 2597 -Ι-
333 2551 394 2596 10,
418 2551 457 2596 2,
481 2552 507 2587 4
532 2544 648 2598 (463)
681 2550 859 2591 habent
889 2559 916 2594 ς
950 2546 1061 2602 (ηοη
1086 2549 1200 2601 MP)
1233 2561 1268 2589 α
1359 2551 1386 2592 9
1419 2553 1610 2592 uiridem
1643 2551 1718 2592 EV

105 2605 156 2645 11
192 2607 388 2656 agitabis
414 2606 462 2653 P,
494 2607 659 2648 zitabis
683 2608 760 2649 EV
821 2613 883 2659 10,
906 2614 946 2659 3,
971 2614 997 2650 4
1028 2606 1143 2661 (469)
1177 2612 1225 2650 ἰη
1250 2610 1284 2651 E
1312 2611 1463 2652 locam
1497 2611 1642 2652 habet
1670 2612 1782 2650 ante

104 2668 166 2714 10,
190 2669 229 2714 3,
253 2669 280 2705 3
303 2661 432 2716 (468),
465 2667 548 2706 sed
578 2668 759 2718 scripta
790 2670 865 2710 est
894 2679 925 2709 α
956 2679 1099 2710 manu
1123 2663 1181 2709 E*
1212 2670 1260 2710 in
1293 2671 1396 2710 loco
1428 2671 1633 2718 adraso:
1664 2671 1781 2710 cete-

103 2734 205 2764 rum
238 2725 344 2775 ipsa
375 2718 434 2764 E‘
463 2725 614 2775 signis
644 2727 854 2767 ordlnem
898 2738 1001 2769 eum
1033 2739 1167 2779 quem
1195 2730 1419 2779 praestat
1449 2728 1488 2769 V
1520 2729 1783 2770 restItuz‘sse

104 2783 290 2823 videtur
389 2782 444 2823 14
475 2784 706 2833 obligabis
737 2785 786 2832 E,
821 2797 927 2836 -gas
957 2786 999 2827 V
1103 2787 1157 2827 15
1189 2789 1401 2827 mortaria
1432 2783 1531 2837 (-ea
1560 2786 1617 2835 E)
1648 2786 1725 2827 Ev

105 2850 222 2890 cepa
250 2841 293 2882 V
415 2841 469 2882 16
500 2846 547 2883 et
577 2843 730 2884 oleum
762 2847 808 2884 et
837 2844 893 2888 V,
925 2845 1078 2886 oleum
1111 2845 1145 2886 E
1261 2845 1314 2886 18
1347 2846 1438 2887 mel
1468 2845 1557 2892 BV,
1589 2845 1666 2886 uel
1697 2855 1723 2887 ς

104 2897 162 2939 24
194 2896 310 2941 baca
339 2898 529 2942 outtellfl
552 2901 594 2943 V
669 2902 726 2942 26
757 2903 853 2952 apii
876 2902 924 2951 E,
957 2905 1035 2950 api
1058 2903 1100 2945 V
1131 2905 1219 2945 hoc
1241 2905 1345 2946 solo
1369 2906 1473 2946 loco
1549 2904 1606 2946 30
1625 2907 1721 2945 ruta
1744 2903 1785 2944 V

163 2956 216 2999 31
251 2959 373 3009 signi
405 2959 481 3000 EV
585 2960 642 3002 32
675 2959 818 3001 Aliter
848 2963 960 3003 add.
998 2962 1088 3003 Tor
1178 2962 1234 3004 33
1267 2963 1496 3013 obligabis
1526 2962 1603 3009 V·,
1635 2973 1719 3013 gas
1751 2962 1785 3001 E
