2008 3172
679 117 855 171 AP1cn
886 127 993 168 LIB.
1018 127 1080 169 1v
1103 128 1145 169 3.
1171 127 1198 168 4
1676 132 1744 181 33

62 239 180 284 vino
208 239 261 283 et
290 248 441 294 passo
471 234 984 292 temperabisfacies
1014 235 1067 278 ut
1097 233 1309 279 ferveat.
1337 245 1448 278 cum
1477 233 1739 286 ferbuerit,

66 305 279 350 tractam
306 302 598 358 confringes
626 303 769 347 etex
797 313 857 346 ea
883 299 1096 356 obligas.
1137 300 1285 356 piper
1312 311 1560 357 asparges
1587 300 1741 345 etin·

65 370 214 416 feres.
271 368 547 414 Minutal
592 380 666 413 ex
713 367 907 413 rosis:
953 367 1133 413 eodem
1177 367 1284 411 iure
1332 378 1488 422 supra
1531 367 1902 422 script0,8<178)

64 436 156 482 sed
187 447 392 494 passum
425 435 538 492 plus
575 434 778 480 adicies.
1786 447 1808 477 4

93 528 94 531 =
138 501 218 549 IV.
247 500 544 547 TISANAM
575 499 700 546 VEL
731 499 963 546 SVCVM.
998 500 1034 544 1.
1066 499 1363 545 Tisanam
1394 499 1489 545 sic
1513 500 1745 546 facies:
1809 509 1902 549 (179)

65 569 280 614 tisanam
306 567 524 613 lavando
550 567 723 619 fricaS,
751 578 898 624 quam
927 567 1043 611 ante
1070 566 1205 612 diem
1233 565 1484 611 infundes
1509 566 1740 622 impones

62 647 218 692 supra
250 634 419 691 ignem
459 632 724 689 [calidum].
771 645 883 678 cum
918 632 1157 686 punierit,
1189 633 1360 678 mittes
1396 632 1497 678 olei
1529 632 1743 679 satiset

65 700 236 747 anethi
274 700 526 747 modicum
566 700 877 752 fasciculum,
917 711 1095 755 cepam
1137 699 1337 752 siccam,
1375 699 1651 744 sature-iam
1691 700 1742 744 et

67 765 352 818 coloefium,
381 767 436 810 ut
468 765 539 810 ibi
571 766 848 820 coquantur
881 765 1093 820 propter
1124 776 1309 809 sucum.
1342 763 1514 808 mittes
1546 763 1742 809 corian-

64 834 210 878 drum
249 833 414 878 viride
453 834 506 878 et
545 832 702 878 salem
743 832 891 876 simul
930 833 1104 876 tritum
1145 833 1198 877 et
1234 831 1393 877 facies
1431 833 1488 876 ut
1527 831 1740 877 ferveat.
1766 839 1807 869 1⁰

63 898 176 945 cum
202 899 329 945 bene
358 898 621 952 ferbuerit,
650 898 797 944 tolles
826 897 1122 950 fasciculum
1149 900 1201 943 et
1229 897 1511 943 transferes
1538 898 1588 942 in
1616 898 1742 942 alte-

69 974 178 1010 rurn
198 963 465 1010 caccabum
491 963 709 1009 tisanam
733 963 820 1014 sic,
844 975 906 1008 ne
930 962 1141 1007 fundum
1167 963 1347 1019 tangat
1370 963 1583 1019 propter
1609 973 1744 1008 com-

66 1031 339 1077 busturam.
365 1030 473 1076 lias
491 1024 687 1091 (bene)
714 1034 766 1076 et
792 1031 928 1076 colas
954 1031 1005 1075 in
1034 1030 1300 1076 caccabulo
1327 1043 1481 1087 super
1506 1031 1741 1077 acronem

67 1097 350 1144 coloefium.
387 1098 522 1142 teres
560 1097 723 1153 piper,
769 1097 1074 1153 ligusticum,
1122 1096 1259 1154 pulei
1307 1097 1438 1142 aridi
1473 1097 1742 1148 modicum,

64 1163 316 1208 cuminum
340 1164 394 1209 et
418 1163 524 1208 silfi
551 1162 771 1216 frictum,
797 1165 852 1208 ut
875 1162 1003 1208 bene
1031 1165 1247 1219 tegatur.
1272 1163 1529 1208 suffundis
1558 1156 1806 1222 <mel>,-1⁵

63 1231 276 1283 acetum,
315 1229 572 1281 defritum,
611 1230 879 1285 liquamen,
920 1229 1150 1275 refundis
1190 1231 1241 1274 in
1279 1229 1560 1275 caccabum
1588 1242 1740 1286 supe-r

65 1295 334 1341 coloefium
366 1306 614 1341 acronem.
646 1295 804 1341 facies
836 1297 892 1341 ut
923 1296 1128 1341 ferveat·
1151 1308 1303 1352 super
1336 1297 1507 1352 ignem
1535 1296 1739 1341 lentum.

64 1361 361 1407 Tisanam
395 1362 741 1408 barricam:
778 1362 1003 1407 infundis
1041 1363 1187 1416 cicer,
1222 1363 1527 1415 lenticulam,
1562 1363 1898 1419 pisam-miso)

64 1427 286 1474 defricas
317 1428 533 1473 tisanam
563 1430 616 1474 et
646 1440 755 1474 cum
787 1429 1125 1485 leguminibus
1155 1429 1331 1474 elixas,
1363 1429 1456 1474 ubi=
1471 1429 1603 1475 bene
1634 1428 1742 1474 bul-

65 1493 218 1548 lierit,
252 1493 354 1540 olei
391 1495 515 1540 satis
555 1495 714 1540 mittis
753 1496 806 1540 et
841 1507 996 1552 super
1034 1495 1220 1540 viridia
1256 1495 1494 1542 concidis*
1519 1507 1741 1552 porrum,
1766 1512 1808 1543 20

65 1561 403 1614 coriandrum,
449 1561 700 1615 anethum,
745 1562 1032 1614 feniculum,
1077 1562 1263 1615 betam,
1308 1562 1544 1614 malvam,
1588 1561 1742 1607 cauli-

66 1625 230 1671 culum
250 1625 469 1672 mollem.
506 1625 629 1672 haec
653 1626 838 1671 viridia
862 1626 1150 1672 minutatim
1175 1627 1374 1672 concisa
1399 1625 1742 1672 in=caccabum

67 1691 252 1737 mittis·
301 1691 573 1738 cauliculos
623 1692 784 1738 elixas
835 1694 888 1738 et
937 1694 1071 1739 teres
1120 1693 1327 1738 feniculi
1379 1704 1550 1739 semen
1601 1693 1742 1746 satiS‚

65 1759 348 1815 origanum,
373 1759 509 1812 ¹silfi,
550 1759 853 1816 ligusticum.
898 1763 1167 1817 postquam
1209 1761 1428 1814 triveris,
1469 1760 1742 1816 liquamine

66 1825 391 1882 temperabis,
420 1828 472 1871 et
501 1824 655 1882 super
685 1827 943 1883 legumina
974 1827 1202 1872 refundis
1233 1829 1284 1872 et
1315 1828 1496 1883 agitas.
1527 1828 1742 1873 caulicu-
1767 1846 1807 1875 ⁴25

64 1890 226 1936 lorum
261 1892 479 1937 minutas
515 1905 669 1948 super
705 1893 942 1938 concidis.
1600 1918 1602 1920 v

142 2075 168 2114 2
199 2072 339 2115 fracta
389 2071 600 2124 (fratitam
649 2065 717 2124 E')
762 2074 838 2115 EV
929 2076 1135 2126 aspargis
1181 2075 1259 2116 EV
1410 2075 1436 2115 4
1480 2075 1653 2115 adicies
1693 2075 1746 2119 V,

70 2142 142 2172 -as
173 2132 207 2172 E
313 2133 339 2173 5
369 2133 464 2183 fere
495 2135 616 2174 idem
644 2135 945 2185 praeceptum
985 2135 1109 2175 redit
1136 2139 1174 2183 5,
1198 2139 1238 2183 5,
1264 2139 1284 2174 1
1390 2134 1415 2174 7
1449 2134 1645 2175 calidum
1678 2135 1746 2174 ἰη-

69 2193 180 2240 epta
213 2193 451 2240 correctio,
484 2191 540 2242 cf.
572 2193 637 2232 ad
664 2204 712 2243 ρ.
735 2197 799 2241 40,
822 2197 875 2233 23
994 2192 1034 2233 9»
1053 2193 1298 2234 coloefium
1337 2193 1446 2241 Tor,
1486 2193 1745 2234 coloedium

69 2249 147 2290 EV
178 2250 266 2298 hic,
298 2250 525 2291 coleuium
556 2247 724 2299 (-inum
758 2246 834 2302 13¹>
862 2264 910 2303 ρ.
934 2256 999 2302 40,
1024 2257 1076 2292 25
1106 2252 1196 2299 EV,
1243 2253 1523 2293 colocasium
1555 2252 1676 2293 Ham

73 2308 128 2348 10
158 2309 255 2349 sale
286 2308 363 2349 EV
469 2309 522 2351 13
565 2310 662 2360 lyas
692 2310 827 2360 Ham,
866 2312 982 2362 ligas
1013 2310 1090 2351 EV
1151 2313 1272 2352 bene
1303 2311 1380 2351 EV
1407 2323 1454 2362 p.
1479 2315 1543 2360 40,
1567 2315 1632 2360 29,
1657 2322 1746 2351 om.

69 2367 158 2422 BV·
177 2368 253 2408 hic
313 2378 449 2417 super
471 2367 548 2409 Ev
576 2381 623 2419 p.
646 2374 711 2418 40,
735 2374 800 2419 29,
833 2381 971 2420 supra
1000 2370 1078 2412 EV
1110 2371 1185 2411 hic
1270 2370 1323 2410 14
1356 2370 1622 2410 coloeirium
1654 2369 1745 2416 EV,

71 2427 141 2477 cf.
158 2438 206 2477 p.
229 2430 293 2476 40,
317 2430 370 2467 30
491 2427 544 2468 15
577 2429 666 2469 mel
697 2428 774 2470 EV
802 2441 849 2480 ρ.
873 2434 938 2479 41,
962 2435 1001 2478 2,
1034 2441 1123 2471 om.
1148 2429 1225 2470 EV
1250 2430 1325 2470 hic
1434 2428 1487 2469 16
1519 2439 1658 2478 super
1675 2427 1745 2477 Gi,
1833 2460 1837 2465 .

69 2485 154 2525 sed
184 2485 262 2526 Ev
292 2488 340 2527 et
370 2486 446 2526 hic
474 2489 522 2526 et
548 2498 596 2537 p.
619 2492 684 2537 41,
708 2492 734 2528 3
829 2488 880 2528 17
913 2489 1161 2529 coloefium
1194 2487 1271 2529 Ev
1302 2489 1358 2538 cf.
1388 2500 1436 2539 p.
1460 2490 1576 2537 41,‘3
1637 2487 1746 2528 faci-

70 2552 122 2584 as
152 2544 230 2585 Ev
323 2544 377 2584 18
411 2545 627 2586 barricam
660 2546 751 2593 EV,
794 2548 1011 2588 taricham
1042 2547 1179 2597 Hum,
1218 2547 1423 2587 farricam
1456 2546 1575 2595 Sch,·
1617 2547 1748 2587 deest

69 2604 159 2644 hoc
189 2614 354 2645 nomen
383 2615 430 2655 p.
455 2609 518 2652 41,
542 2609 568 2644 4
599 2606 679 2646 ubi
716 2607 836 2647 idem
872 2608 1175 2657 praeceptum
1208 2607 1331 2647 redit
1420 2607 1522 2655 pisa
1552 2605 1630 2646 Ev

71 2661 264 2703 defricas
295 2662 372 2703 EV
400 2675 447 2714 p.
471 2667 536 2712 41,
559 2668 599 2712 5,
632 2663 827 2705 defrixas
851 2665 929 2706 EV
960 2666 1035 2707 hic
1124 2665 1177 2705 21
1213 2664 1461 2706 feniculum
1477 2664 1555 2705 EV
1568 2676 1616 2716 p.
1633 2669 1697 2712 41,
1712 2669 1746 2713 7,

71 2721 284 2761 naculum
316 2721 394 2763 Ev
424 2723 500 2762 hic
559 2723 801 2763 culiculum
833 2724 971 2765 molle
1003 2728 1049 2765 et
1078 2725 1212 2765 uiridi
1246 2724 1421 2764 minuta
1451 2725 1640 2765 concisa
1655 2722 1745 2767 BV,

72 2778 129 2828 cf.
150 2791 198 2830 p.
221 2783 287 2830 41,
309 2784 336 2821 8
425 2781 481 2821 22
514 2781 630 2822 haec
652 2781 730 2823 EV
750 2794 797 2833 p.
813 2787 878 2831 41,
894 2787 934 2832 3,
967 2786 1013 2824 et
1042 2782 1119 2824 Ev
1150 2784 1225 2824 hic
1315 2782 1371 2824 23
1396 2782 1540 2824 elixas
1561 2793 1609 2832 ρ.
1626 2786 1689 2831 41,
1706 2787 1744 2829 9,

71 2847 175 2878 -xos
190 2837 268 2879 EV
291 2839 366 2880 hic
426 2839 483 2880 24
507 2841 682 2881 triueris
703 2851 751 2890 p.
767 2846 833 2890 41,
852 2845 914 2891 10,
939 2842 1147 2883 tribueris
1163 2841 1241 2882 Ev
1264 2842 1339 2883 hic
1410 2841 1467 2882 25
1490 2844 1537 2882 et
1554 2842 1744 2890 agitess.

71 2894 234 2945 segites
250 2897 326 2939 Ev
351 2894 399 2947 (ί.
427 2894 608 2950 7agites
626 2896 904 2951 archetypi),
929 2901 1076 2952 agitas
1096 2913 1145 2952 p.
1162 2905 1227 2950 41,
1246 2905 1292 2941 11
1355 2900 1652 2941 colicolorum
1670 2899 1746 2940 Ev

131 2953 188 2994 26
219 2956 414 2997 minutas
445 2957 522 2999 Ev
553 2960 599 2999 et
621 2959 697 2999 hic
720 2959 766 2999 et
792 2970 840 3008 ρ.
863 2963 929 3007 41,
954 2964 1016 3008 12,
1058 2960 1231 3000 minuta
1253 2959 1388 3005 Hum.
1415 2959 1629 2999 minutias
1656 2957 1747 2998 Tor

159 3027 335 3073 Apicius
359 3041 441 3069 rec.
465 3033 658 3070 Vollmer
1337 3032 1363 3073 3
