2008 3172
227 118 263 169 g
900 113 1079 159 Amen
1107 116 1217 160 un.
1240 117 1259 160 1

227 220 358 273 acta,
394 219 449 266 et
489 218 624 266 sales
664 218 846 267 frictos
886 222 941 266 et
979 220 1147 275 tritos,
1182 222 1256 268 et.
1278 233 1370 279 per
1413 222 1638 269 triduum
1677 222 1759 271 vel
1800 222 1920 282 plus

228 285 481 342 permisce
515 285 806 343 diligenter.
857 288 977 344 post
1011 287 1136 334 haec
1173 286 1434 345 aliquanto
1469 289 1704 347 tempore
1741 291 1924 348 patere

227 352 564 410 requiescere,
585 354 639 398 et
666 351 989 400 Liburnicum
1012 365 1193 401 omnes
1219 353 1484 412 putabunt.

114 425 165 466 (6)
299 422 356 472 V.
398 424 625 473 Vinum
667 438 742 474 ex
784 429 932 474 atro
974 428 1321 476 candidum
1362 430 1599 478 facies:
1641 430 1920 478 lomentum

188 495 290 537 ⁵ex
331 491 454 539 faba
496 492 690 540 factum
733 494 816 541 vel
856 507 1069 542 ovorum
1115 496 1270 542 trium
1310 496 1539 544 alborem
1579 498 1632 544 in
1676 497 1917 556 lagonam

222 558 384 605 mittis
416 561 471 606 et
504 559 792 608 diutissime
827 562 1020 619 agitas:
1054 562 1156 609 alia
1191 563 1277 610 die
1309 564 1412 610 erit
1440 564 1728 612 candidum.
1761 565 1815 612 et
1845 565 1921 612 ci·

222 637 371 672 neres
403 626 525 673 vitis
559 626 708 674 albae
742 627 879 674 idem
914 628 1122 675 faciunt.

112 693 162 733 ‘⁷’
299 697 381 746 VI.
405 698 492 747 De
516 699 881 758 liquamine
904 702 1335 751 emendando:
1359 703 1617 761 liquamen
1636 705 1684 752 si
1706 704 1920 752 odorem

222 765 410 812 malum
451 766 652 822 fecerit,
691 780 783 815 vas
824 769 977 815 inane
1017 770 1278 816 inversum
1316 770 1514 829 tumiga
1555 771 1701 819 lauro
1738 773 1794 818 et
1831 783 1918 819 cu·

165 840 205 871 1⁰
222 845 419 890 presso,
459 836 514 881 et
554 835 606 880 in
651 835 746 882 hoc
787 835 1045 892 liquamen
1087 837 1300 884 infunde
1344 839 1463 885 ante
1503 838 1819 886 ventilatum.
1872 839 1918 884 si

221 899 412 946 salsum
450 900 625 956 fuerit,
662 901 829 949 mellis
871 903 1154 949 sextarium
1192 904 1355 950 mittis
1392 906 1448 951 et
1483 916 1633 951 move
1669 905 1828 963 spica,
1866 907 1921 951 et

220 967 538 1015 emendasti..
568 969 661 1015 sed
696 970 750 1015 et
784 971 1007 1016 mustum
1043 982 1222 1017 recens
1256 971 1395 1018 idem
1433 973 1679 1028 praestat.

102 1041 199 1084 (8)1
295 1040 401 1087 VII.
444 1041 522 1088 Vt
562 1055 796 1089 carnes
839 1044 982 1090 sine
1024 1043 1166 1090 sale
1205 1046 1438 1101 quovis
1482 1047 1779 1103 tempore
1818 1058 1923 1092 re·

220 1119 245 1153 c
258 1121 287 1154 e
301 1121 332 1153 n
348 1110 410 1155 te
423 1121 447 1154 s
471 1121 496 1154 s
511 1110 528 1154 i
541 1122 573 1154 n
588 1110 629 1154 t:
655 1121 835 1156 carnes
861 1112 1092 1158 recentes
1118 1111 1295 1167 quales
1317 1112 1540 1159 volueris
1565 1112 1719 1159 melle
1739 1114 1922 1170 tegan-

161 1182 203 1214 15
220 1176 317 1228 tur,
343 1175 436 1222 sed
462 1187 554 1222 vas
582 1176 822 1233 pendeat,
847 1179 914 1231 et,
939 1177 1142 1234 quando
1171 1178 1412 1232 volueris,
1434 1180 1593 1226 utere.
1630 1178 1726 1226 hoc
1750 1179 1920 1226 hieme

218 1241 400 1288 melius
428 1242 510 1297 fit,
538 1245 737 1290 aestate
767 1244 944 1300 paucis
975 1243 1155 1291 diebus
1184 1245 1403 1292 durabit.
1431 1247 1487 1292 et
1510 1246 1562 1292 in
1590 1257 1744 1293 carne
1772 1247 1918 1293 cocta

99 1314 150 1351 (9)
176 1309 202 1349 2
219 1308 399 1355 itidem
443 1309 619 1356 facies,
676 1308 926 1357 Callum
972 1313 1313 1368 porcinum
1357 1311 1469 1359 vel·
1502 1311 1810 1359 bubulum
1853 1315 1920 1359 et

220 1375 578 1432 unguellae
602 1377 835 1422 coctae
862 1377 930 1422 ut
955 1376 1066 1422 diu
1093 1377 1357 1424 durent:
1384 1378 1436 1423 in
1463 1377 1634 1435 sinapi
1657 1389 1724 1424 ex
1749 1378 1916 1433 aoet0,

218 1442 340 1497 sale,
375 1442 529 1490 melle
565 1443 706 1491 facta
743 1444 906 1491 mittis
946 1446 1001 1490 81
1037 1447 1291 1502 tegantur,
1329 1448 1395 1499 et,
1431 1447 1636 1504 quando
1670 1445 1915 1501 volueris.

156 1526 199 1558 ιο
219 1510 384 1556 utere:
420 1509 705 1557 miraberis

83 1590 156 1630 (ιο)
292 1583 423 1630 VIII.
459 1584 538 1630 Vt
571 1596 829 1632 carnem
867 1586 1109 1632 salsam
1147 1586 1399 1633 dulcem
1434 1587 1672 1634 facias:
1708 1597 1916 1634 carnem

217 1649 406 1696 salsam
443 1651 642 1698 dulcem
680 1652 858 1707 facieS‚
895 1653 940 1699 si
978 1653 1120 1710 prius
1157 1647 1206 1698 ih
1247 1653 1381 1700 lacte
1414 1665 1603 1711 coquas
1638 1655 1693 1700 et
1729 1655 1914 1712 postea

216 1730 266 1761 m
305 1729 451 1774 aqua.

80 1797 195 1839 cml
291 1791 372 1837 IX.
404 1791 482 1838 Vt
513 1793 735 1849 pisces
768 1793 964 1840 fricti
995 1794 1104 1839 diu
1135 1794 1394 1840 durent:
1426 1795 1609 1841 eodem
1638 1796 1916 1849 momento,

156 1870 199 1902 25
215 1870 313 1914 quo
350 1859 614 1916 friguntur
648 1861 703 1906 et
739 1859 990 1916 levantur,
1028 1860 1091 1906 ab
1127 1862 1273 1907 aceto
1312 1861 1480 1907 calido
1517 1861 1911 1919 perfunduntur.

79 1924 454 1974 ‹12)2Ostrea
477 1926 546 1971 ut
569 1926 677 1971 diu
704 1926 963 1973 durent:
988 1926 1132 1973 lavas
1155 1926 1219 1973 ab
1246 1929 1408 1981 aceto,
1430 1929 1519 1974 aut
1539 1939 1604 1974 ex
1628 1929 1774 1975 aceto
1795 1939 1914 1974 vas-

214 1991 380 2038 culum
413 1992 625 2050 picitum
657 1992 791 2047 lava,
823 1994 878 2040 et
908 1995 1081 2040 ostrea
1112 2005 1374 2052 compone.

80 2068 152 2108 (1³)
288 2065 345 2111 X.
379 2065 457 2112 Vt
489 2067 680 2113 uncia
715 2067 963 2114 laseris
998 2070 1140 2115 toto
1173 2070 1471 2125 tempore
1504 2069 1742 2116 utaris:
1773 2069 1917 2116 laser.

215 2134 264 2177 in
294 2134 579 2190 spatiosum
612 2133 856 2180 doliolum
887 2135 1108 2181 vitreum
1137 2137 1300 2181 mittis
1328 2137 1382 2182 et
1411 2134 1618 2182 nucleos
1647 2135 1828 2192 pineos
1855 2138 1918 2181 ut

153 2207 195 2238 ³0
214 2201 338 2255 puta
373 2200 574 2257 viginti,
611 2211 823 2257 cumque
861 2202 1103 2247 utendum
1142 2202 1300 2248 fuerit
1334 2202 1515 2256 lasere,
1551 2202 1758 2250 nucleos
1793 2213 1914 2249 con-

294 2370 315 2410 1
351 2372 398 2411 et
426 2371 556 2412 tfitos
587 2373 634 2411 et
657 2369 749 2418 EV.
781 2371 910 2412 tritos
941 2374 988 2412 et
1019 2379 1054 2409 α
1116 2371 1143 2411 2
1177 2372 1404 2421 permisce
1434 2380 1486 2419 a,
1518 2372 1749 2421 promisce
1777 2368 1856 2414 BV
1912 2399 1915 2401 >

216 2429 243 2469 3
277 2429 505 2479 putabunt
534 2428 584 2479 Β,
631 2432 790 2471 -untur
810 2429 853 2472 V
973 2428 1001 2470 6
1033 2429 1182 2481 agitas
1221 2429 1313 2471 8118
1343 2430 1421 2472 dle
1459 2431 1544 2473 erit
1573 2429 1627 2479 E,
1671 2430 1798 2482 agita
1826 2430 1913 2471 sall

216 2489 380 2529 adierit
410 2488 452 2529 V
522 2490 702 2530 cineres
733 2489 782 2537 E,
815 2490 1016 2532 cinerem
1047 2488 1091 2531 V
1213 2489 1270 2530 10
1302 2489 1495 2533 infunde
1526 2486 1690 2539 (funde
1720 2486 1777 2541 α)
1807 2488 1915 2536 Sch.

216 2547 421 2589 lenunde
451 2547 539 2590 Ev
641 2547 690 2589 11
721 2558 858 2590 move
881 2549 1012 2598 spica
1033 2547 1172 2597 Ham,
1205 2559 1344 2590 moue
1368 2550 1523 2600 spicas
1539 2548 1638 2597 EV.
1668 2545 1795 2590 noue
1817 2550 1913 2599 spl-

215 2617 294 2648 cas
318 2616 368 2654 a,
393 2608 451 2658 cf.
475 2611 516 2657 8,
542 2612 580 2657 1,
596 2612 622 2648 5
741 2607 795 2648 15
820 2609 886 2649 ad
909 2618 1008 2649 rem
1034 2608 1092 2660 ct.
1119 2606 1299 2650 Colum.
1325 2613 1389 2659 12,
1411 2613 1465 2650 42
1573 2607 1628 2651 16
1659 2607 1842 2649 durabit
1861 2607 1913 2656 E,

215 2668 303 2707 -uit
325 2666 367 2707 V
462 2666 517 2707 18
548 2667 736 2717 ungelle
760 2670 893 2709 cocte
917 2666 1002 2708 Ev
1033 2668 1081 2708 in
1113 2668 1226 2715 ind..
1257 2668 1447 2719 ungella
1462 2670 1509 2710 et
1525 2670 1658 2709 cocta
1687 2662 1842 2716 (88818
1855 2664 1913 2718 E)

214 2725 300 2767 Ev
330 2727 407 2767 hic
532 2725 586 2767 19
618 2726 739 2767 iacta
770 2728 839 2768 sic
869 2725 969 2774 Ev.
1018 2738 1080 2768 an
1121 2729 1243 2768 tacta
1289 2724 1340 2776 (ι’.
1366 2723 1572 2777 ίίησέαΠ
1691 2725 1750 2768 23
1789 2736 1913 2776 aqua

160 2815 163 2817 .
213 2785 351 2833 Ham,
376 2796 544 2835 aquam
562 2785 646 2826 EV
736 2786 795 2827 24
820 2786 973 2835 pisces
997 2779 1118 2833 E²V,
1143 2787 1319 2835 piscem
1343 2780 1402 2827 Ει
1492 2785 1549 2826 25
1581 2785 1931 2835 perfunduntur--

214 2842 390 2891 (-Iund-
423 2846 471 2885 ln
504 2846 609 2886 loco
642 2843 842 2895 adraso)
867 2844 902 2885 E
1008 2844 1066 2886 26
1097 2846 1225 2886 lavas
1255 2845 1316 2887 Vo
1348 2842 1547 2896 (scilicet
1576 2846 1683 2897 ipsa
1714 2841 1912 2894 ostrea),

213 2914 297 2944 uas
327 2903 414 2944 Ev
475 2903 533 2944 27
567 2905 755 2954 picitum
788 2906 858 2946 sic
880 2903 964 2945 EV
1035 2903 1092 2945 28
1124 2906 1260 2946 uncla
1293 2914 1342 2953 a,
1376 2905 1557 2945 unciam
1590 2902 1677 2945 Ev
1751 2903 1811 2945 30
1841 2902 1911 2944 fu-

212 2964 293 3003 erit
329 2962 383 3010 V,
417 2963 550 3004 luerit
581 2975 635 3004 ex
667 2964 750 3005 fuit
780 2964 815 3004 E
