2008 3172
753 135 927 178 Apicii
957 135 1065 177 1213.
1091 135 1148 176 111
1728 136 1789 182 17

102 244 417 291 betaciorum
457 244 646 293 fasces:
687 243 915 298 deterge,
957 253 1019 286 ue
1061 241 1216 286 laves,
1254 241 1307 285 in
1348 251 1522 284 eorum
1563 232 1813 283 medium'

104 311 292 356 nitrum
315 321 562 367 asparges
586 310 639 354 et
662 307 845 365 alligas
869 306 1099 364 singulos
1120 306 1304 352 fasces
1329 306 1502 351 mittes
1523 305 1784 359 inaquam.

101 389 215 423 cum
260 376 475 430 coxeris,
519 375 728 422 condies
776 375 1020 431 patinam,
1065 385 1178 419 cum
1220 372 1401 417 eadem
1450 383 1659 428 passum
1703 370 1783 415 vel

102 454 373 490 caroenum
406 443 460 488 et
492 441 745 487 cuminum
781 442 834 486 et
869 441 1019 496 piper
1052 451 1300 496 asparges
1336 440 1388 484 et
1420 438 1587 483 oleum
1622 437 1785 482 modi-

100 521 230 555 cum.
253 507 340 555 ubi
364 506 630 562 ferbuerit,
657 506 990 564 polypodium
1016 507 1069 551 et
1092 505 1257 550 frusta
1284 516 1464 550 nucum
1489 516 1600 549 cum
1625 503 1786 559 liqua-
1833 515 1852 545 5

101 576 237 621 mine
282 576 434 628 tereS,
482 566 603 633 (in)
649 573 934 628 ferventem
982 573 1210 629 patinam
1254 570 1453 623 fundes,
1501 570 1780 626 cooperies.

98 642 275 687 statim
319 641 546 698 depones
588 643 641 685 et
687 640 858 686 uteris.
915 636 1159 696 [Aliter
1199 637 1501 683 betacios
1547 635 1924 684 Varro-Meo

103 721 132 752 n
149 709 215 753 is,
253 707 436 753 Varro:
466 700 724 760 ‘betaciOS,
751 705 843 752 sed
869 707 1061 762 nigrOS‚
1087 716 1298 760 quorum
1328 704 1559 750 detersas
1587 702 1785 748 radices

100 777 155 819 et
177 774 340 820 mulsa
365 773 602 820 decoctas
627 785 738 818 cum
763 772 871 818 sale
892 772 1093 818 modico
1118 772 1172 817 et
1191 770 1305 817 oleo
1328 770 1410 815 vel
1434 770 1558 822 sale,
1580 780 1711 824 aqua
1734 771 1787 814 et

101 840 217 885 oleo
241 839 293 885 in
319 852 374 886 se
401 841 571 885 coctas
596 838 842 885 iusculum
870 838 1041 884 facere
1065 838 1119 883 et
1142 837 1328 894 potari,
1352 835 1534 881 melius
1560 836 1716 881 etiam
1743 835 1784 895 si
1810 840 1851 873 ιθ

103 907 155 951 in
187 918 249 952 eo
285 905 451 963 pullus
488 906 556 952 sit
591 898 880 961 decoctus'.]
925 903 1143 950 Aliter
1179 904 1255 949 ad
1288 905 1604 949 ventrem:
1640 902 1786 958 apios
1809 900 1924 943 5(65)

103 973 295 1019 virides
334 984 446 1018 cum
485 973 589 1018 suis
632 971 886 1018 radicibus
926 970 1122 1016 lavabis
1160 972 1213 1017 et
1252 969 1467 1016 siccabis
1506 969 1572 1014 ad
1611 968 1786 1014 solem.

102 1038 290 1085 deinde
313 1038 546 1084 albamen
570 1040 623 1084 et
647 1038 816 1095 capita
842 1049 1110 1094 porrorum
1132 1037 1280 1082 simul
1304 1035 1521 1082 elixabis
1543 1035 1594 1080 in
1616 1045 1787 1081 cacca-

103 1105 168 1151 bo
196 1116 342 1158 nove,
371 1104 443 1151 ita
473 1106 529 1150 ut
555 1116 683 1161 aqua
713 1104 779 1150 ad
807 1102 987 1150 tertias
1015 1103 1284 1150 deferveat
1315 1099 1384 1158 [id
1411 1103 1495 1148 est
1519 1103 1577 1147 ut
1603 1113 1668 1147 ex
1697 1101 1787 1145 tri-

104 1171 196 1217 bus
231 1171 414 1217 eminis
451 1182 612 1227 aquae
652 1183 750 1216 una
789 1169 1084 1226 remaneat}
1132 1171 1313 1226 postea
1353 1171 1488 1214 teres
1527 1169 1691 1225 piper,
1726 1167 1788 1212 li·
1811 1174 1852 1205 15»

103 1250 319 1294 quamen
343 1239 396 1284 et
420 1237 732 1294 aliquantum
756 1236 922 1283 mellis
946 1237 1156 1282 humore
1179 1234 1507 1292 temperabis,
1532 1236 1586 1280 et
1606 1246 1787 1290 aquam

102 1304 337 1361 apiorum
375 1304 698 1350 decoctorum
736 1303 927 1350 colabis
967 1304 1018 1348 in
1058 1303 1317 1355 mortario,
1354 1304 1405 1348 et
1444 1300 1785 1358 superfundes

101 1370 236 1427 apio.
274 1382 385 1416 cum
423 1370 571 1415 simul
611 1370 876 1423 ferbuerit,
915 1381 1160 1426 apponeS,
1195 1370 1260 1421 et,
1300 1370 1343 1413 si
1381 1368 1576 1413 libitum
1614 1367 1786 1418 fuerit.

102 1437 250 1492 apios
289 1437 493 1483 adicies,
1812 1440 1852 1472 ιο

178 1502 261 1548 111.
302 1501 707 1549 ASPARAGOS.
760 1502 1056 1560 Asparagos
1100 1501 1329 1553 siccabis,
1374 1513 1569 1546 rursum
1611 1502 1659 1544 in
1705 1512 1786 1556 ca·
1853 1503 1927 1542 (66)

104 1567 261 1614 lidam
290 1568 597 1614 summittes:
629 1566 928 1614 callosiores
961 1566 1159 1613 reddes

179 1635 257 1682 IV.
299 1634 718 1682 CVCVRBITAS.
764 1635 800 1680 1.
846 1634 1111 1681 Gustum
1155 1635 1228 1680 de
1269 1634 1659 1680 cucurbitis:
1704 1645 1787 1679 cu·
1854 1636 1926 1676 (67)

104 1701 330 1748 curbitas
357 1703 527 1748 coctas
555 1714 829 1758 expressas
860 1702 910 1746 in
943 1702 1169 1758 patinam
1198 1711 1487 1758 compones.
1519 1700 1709 1745 adicies
1737 1700 1785 1744 in

104 1768 403 1813 mortarium
449 1767 612 1824 piper,
655 1767 922 1820 cuminum,
966 1767 1073 1813 silfi
1114 1767 1327 1828 modice,
1374 1764 1444 1822 [id
1486 1768 1567 1812 est
1606 1766 1786 1811 laseris

107 1834 364 1889 radicem,
401 1835 543 1879 rutae
580 1834 846 1885 modicum,
882 1834 1158 1890 liquamine
1191 1834 1245 1878 et
1280 1834 1425 1879 aceto
1461 1831 1787 1889 temperabis,
1811 1831 1854 1863 2⁵

186 1967 205 2006 1
234 1966 383 2007 iasces
394 1965 530 2015 Ham,
563 1965 706 2006 iacies
719 1964 796 2006 Ev
865 1965 1066 2015 deterge,
1097 1962 1175 2013 ne]
1202 1964 1440 2015 detergine
1464 1963 1555 2010 Ev,
1581 1964 1791 2013 deterges

108 2025 243 2075 Ham,
275 2026 330 2065 at
359 2025 418 2075 cf.
448 2025 735 2066 simillimum
763 2025 1067 2075 praeceptum
1090 2023 1297 2065 Marcell.
1322 2024 1440 2064 med.
1456 2026 1522 2072 30,
1539 2027 1592 2062 47
1662 2021 1689 2062 2
1722 2022 1790 2062 ni-

108 2089 223 2125 trum
253 2083 390 2133 Ham,
422 2084 600 2135 nigrum
632 2082 711 2124 Ev
802 2082 829 2124 4
861 2083 1093 2124 caroenim
1124 2082 1173 2130 E,
1205 2080 1285 2123 -ns
1320 2078 1430 2132 (sic)
1453 2081 1495 2123 V
1586 2084 1631 2122 et
1663 2081 1794 2130 piper

108 2143 244 2192 Hum,
277 2146 324 2183 et
345 2152 483 2192 super
504 2141 583 2183 Ev
642 2141 670 2182 5
693 2141 854 2183 trustra
870 2141 948 2184 Ev
1007 2140 1036 2182 6
1067 2142 1116 2182 in
1133 2141 1270 2191 Ham,
1297 2152 1387 2183 om.
1403 2140 1482 2181 Ev
1544 2140 1568 2181 7
1594 2143 1640 2182 et
1655 2140 1791 2187 Ham,

109 2206 159 2243 ut
179 2201 273 2256 *Ev
421 2200 638 2242 Varronis
670 2209 718 2249 ς,
758 2211 976 2242 uarrones
1007 2200 1085 2242 EV
1165 2199 1307 2241 Varro
1342 2211 1445 2241 vere
1474 2200 1790 2251 fraymentum

109 2271 211 2303 esse
242 2271 439 2311 orauere
470 2261 655 2302 videtur
684 2261 1024 2302 sententiarum
1055 2261 1299 2301 structura
1331 2258 1630 2310 imperfecta;
1660 2259 1792 2301 satu-

111 2331 194 2363 rae
223 2313 330 2367 περὶ
359 2312 622 2370 ἐδεσμάτων
651 2320 746 2360 iam
778 2320 1003 2361 attribuit
1029 2318 1180 2367 Ham:
1222 2319 1413 2360 addidit
1449 2319 1617 2359 doctus
1648 2318 1795 2358 lector

169 2378 198 2419 9
230 2378 378 2419 mulsu
410 2379 626 2420 decoctas
656 2377 734 2420 Ev
827 2378 882 2420 10
913 2381 1069 2420 coctas
1102 2377 1173 2431 Gi,
1213 2380 1346 2419 cocta
1376 2376 1467 2423 Ev,
1501 2379 1659 2418 coctos
1689 2375 1793 2422 Sch,

110 2441 245 2479 cocto
263 2437 358 2478 'Tor
418 2438 564 2487 potari
581 2438 650 2479 sic
664 2436 742 2479 Ev
803 2437 966 2479 melius
997 2448 1103 2488 eqs:
1134 2438 1266 2478 iocus
1298 2436 1647 2478 interlocutoris
1664 2437 1795 2486 apud

119 2497 366 2539 Varronem
462 2496 516 2538 13
547 2496 761 2537 albamen
791 2495 934 2546 Ham,
968 2493 1074 2536 alba
1104 2495 1195 2542 EV,
1237 2495 1345 2536 allia
1380 2495 1470 2536 Tor
1560 2485 1793 2536 canabo

112 2554 158 2603 (c
189 2552 348 2606 erasa)
380 2555 421 2596 V
546 2555 598 2596 14
629 2555 676 2596 id
715 2558 786 2596 est
817 2575 870 2582 —-
903 2559 1138 2596 remaneat
1173 2555 1384 2606 ylossam
1424 2555 1623 2605 αςγηουίὶι
1658 2553 1794 2600 Ham,

113 2615 172 2665 cf·
197 2619 233 2663 1,
259 2619 321 2664 12,
347 2620 367 2655 1
479 2613 533 2654 18
563 2624 665 2655 cum
698 2614 834 2655 simul
863 2615 932 2656 sic
962 2613 1059 2660 EV;
1093 2615 1124 2655 i.
1159 2608 1394 2655 ‘simulac’
1459 2623 1672 2662 appones
1703 2611 1794 2656 Ev.

114 2674 324 2723 abpones
356 2672 443 2715 Sch
478 2670 557 2724 (cf.
581 2675 612 2714 l.
632 2678 656 2714 7
677 2675 726 2714 et
744 2685 792 2723 p.
811 2677 874 2722 18,
893 2678 920 2713 2
951 2670 1182 2722 depones)
1267 2672 1553 2713 20‘siccabis
1586 2670 1641 2720 V,
1676 2671 1731 2711 -it
1761 2670 1796 2710 E

172 2742 344 2773 rursum
378 2740 427 2779 ς,
468 2742 645 2773 sursum
679 2733 751 2773 bis
782 2730 860 2772 Ev
897 2729 1001 2783 (qui
1032 2733 1174 2773 verba
1205 2741 1383 2772 sursum
1415 2731 1463 2770 in
1495 2730 1690 2771 calidam
1726 2741 1795 2769 re⁴

110 2788 299 2841 petunt)
371 2791 424 2832 21
460 2791 719 2832 summittas
750 2786 880 2839 (·itas
903 2788 964 2841 V)
996 2789 1075 2832 EV
1136 2788 1436 2831 Gallossiores
1467 2788 1545 2830 EV
1574 2790 1657 2840 qui
1688 2790 1798 2830 hinc

114 2860 284 2891 novum
312 2852 614 2901 praeceptum
647 2850 900 2891 ordiuntur
1015 2849 1072 2890 22
1102 2851 1292 2901 gustum
1325 2848 1384 2889 de
1415 2849 1686 2889 cucurbatas
1717 2859 1795 2888 cu-

114 2909 314 2949 curbitas
345 2912 502 2950 coctas
533 2908 611 2950 Ev
701 2907 759 2948 24
791 2908 922 2957 piper
953 2917 996 2956 ς,
1035 2908 1196 2958 pipere
1228 2907 1305 2948 BV
1365 2907 1672 2948 id—radicem
1706 2905 1797 2951 BV,

115 2967 205 3007 clei.
238 2975 265 3009 ς
355 2967 412 3008 25
443 2970 586 3008 rutam
620 2967 849 3008 modicum
881 2965 958 3006 EV

206 3041 384 3083 Apicius
409 3051 491 3078 rec.
516 3043 707 3078 Vollmer
1389 3040 1413 3077 2
