2008 3172
670 157 842 200 APICII
873 158 981 199 LIB.
1005 156 1106 199 VIII
1131 157 1173 197 1.
1192 158 1215 196 2
1708 159 1779 208 59

98 268 314 324 gidum
359 268 420 312 in
465 277 686 323 aprum
731 263 993 310 elixum:
1039 264 1204 320 piper,
1260 262 1563 319 ligusticum,
1601 262 1772 307 ‘cumi-

96 346 228 388 num,
263 333 435 379 anethi
469 343 641 378 semen
677 332 732 377 et
768 330 1007 387 thymum,
1042 330 1324 386 origanum,
1361 328 1468 376 silfi
1503 328 1770 380 modicum,

91 411 274 446 erucae
318 411 488 445 semen
536 397 832 455 plusculum,
878 396 1147 442 suffundes
1194 408 1402 448 merum,
1445 395 1770 441 condimenta

94 466 279 511 viridia
307 465 520 518 modica,
551 476 743 520 cepam,
777 462 1011 508 Ponticas
1043 462 1123 508 vel
1153 462 1427 518 amygdala
1457 461 1624 518 fricta,
1653 461 1771 506 dac-

95 531 269 589 tylum,
302 531 416 584 mel,
451 532 663 582 acetum,
701 542 895 575 merum
932 530 1199 582 modicum,
1235 528 1431 574 coloras
1470 527 1675 580 defrito‚
1710 527 1770 571 li-
1792 541 1812 571 5

94 610 322 654 quamen,
354 597 535 643 oleum.
571 592 790 642 Aliter
827 589 994 655 (ius)
1031 596 1092 639 in
1127 607 1305 651 apro:
1345 596 1477 640 teres
1514 595 1677 651 piper,
1711 593 1769 638 li-
1793 601 1820 641 9
1859 604 1952 645 (338)

93 664 358 721 gusticum,
401 663 682 719 origanum,
727 663 831 719 apii
877 674 1063 714 semen,
1107 662 1286 707 laseris
1330 661 1569 713 radicem,
1614 660 1770 706 cumi·
1920 678 1923 679 ⁷

94 743 224 784 num,
254 730 462 775 feniculi
492 742 679 782 semen,
713 731 891 781 rutam,
923 729 1193 784 liquamen,
1223 729 1410 788 vinum,
1441 739 1660 783 passum.
1691 726 1770 771 fa-

91 796 194 842 cies
222 797 277 841 ut
305 796 516 841 ferveat.
556 808 667 841 cum
698 795 960 848 ferbuerit,
988 795 1153 840 amulo
1184 794 1396 850 obligas.
1426 806 1605 850 aprum
1633 794 1767 839 intro
1792 801 1812 833 9

91 863 231 908 foras
266 857 518 921 (tanges)
551 863 604 907 et
638 862 842 907 inferes.
890 861 1094 906 Perna
1127 873 1374 917 apruna
1410 861 1502 905 ita
1536 859 1952 916 imple-10(339)

93 931 193 973 tur
226 928 602 974 Terentina:
637 940 727 984 per
764 927 1027 973 articulum
1064 940 1252 983 pernae
1287 927 1457 984 palum
1493 928 1664 972 mittes
1697 927 1768 971 ita

93 997 146 1039 ut
173 997 337 1040 cutem
366 1007 395 1039 a
424 1006 575 1040 carne
605 1007 829 1051 separes,
857 997 911 1039 ut
941 995 1106 1050 possit
1132 994 1507 1039 condimentum
1535 994 1767 1050 accipere

90 1073 183 1118 per
222 1061 479 1107 cornulum
520 1063 572 1106 et
611 1061 846 1106 universa
886 1060 1171 1117 impleatur.
1210 1062 1345 1106 teres
1388 1061 1552 1117 piper,
1589 1059 1767 1105 bacam

92 1128 236 1180 lauri,
266 1129 451 1176 rutam:
482 1128 526 1171 si
556 1127 792 1179 volueris,
823 1126 958 1172 laser
985 1127 1191 1179 adicies,
1222 1127 1476 1182 liquamen
1504 1127 1768 1183 optimum,

94 1203 362 1238 caroenum
393 1193 447 1237 et
478 1192 580 1237 olei
613 1192 792 1237 viridis
827 1193 1012 1248 guttaS.
1056 1203 1166 1237 cum
1202 1191 1412 1247 impleta
1446 1191 1615 1243 fuerit,
1651 1202 1769 1236 con·
1792 1202 1833 1233 15
1858 1199 1951 1239 (340)

93 1258 363 1315 stringitur
399 1258 486 1303 illa
527 1271 662 1314 pars,
701 1271 797 1314 qua
837 1257 1047 1314 impleta
1084 1260 1177 1310 est,
1217 1270 1281 1303 ex
1318 1258 1421 1303 lino
1460 1258 1514 1303 et
1549 1257 1768 1302 mittitur

92 1326 142 1369 in
177 1337 386 1371 zemam.
432 1325 652 1371 elixatur
690 1327 739 1369 in
776 1337 910 1381 aqua*
942 1327 1136 1370 marina
1173 1338 1282 1371 cum
1320 1326 1448 1370 lauri
1486 1325 1766 1370 turionibus

89 1393 143 1436 et
181 1392 379 1437 anetho.
1617 1415 1619 1417 >

164 1471 222 1517 II.
268 1471 338 1516 IN
383 1471 611 1518 CERVO.
652 1473 697 1517 ·l.
746 1472 846 1518 Ius
889 1474 949 1518 in
996 1486 1273 1519 cervum:
1317 1475 1453 1518 teres
1498 1474 1660 1532 piper,
1705 1473 1765 1517 li-
1854 1480 1952 1520 (341)

91 1539 356 1594 gusticum,
388 1550 604 1591 careum,
637 1539 916 1595 origanum,
951 1540 1057 1596 apii
1092 1552 1280 1592 semen,
1311 1539 1491 1585 laseris
1529 1540 1767 1591 radicem,
1791 1551 1832 1582 20

90 1604 296 1650 feniculi
331 1617 518 1658 semen,
555 1604 779 1658 fricabiS,
816 1606 1084 1651 suffundes
1123 1606 1390 1661 liquamen,
1426 1606 1612 1658 vinum,
1650 1618 1767 1662 pas-

88 1683 214 1723 sum,
241 1671 406 1716 oleum
437 1671 647 1717 modice.
689 1683 799 1717 cum
831 1671 1093 1725 ferbuerit,
1121 1672 1287 1718 amulo
1319 1672 1532 1728 obligas.
1563 1684 1766 1718 cervum

91 1738 285 1782 coctum
322 1738 455 1782 intro
492 1737 632 1783 foras
670 1739 850 1798 tanges
888 1740 940 1784 et
975 1739 1179 1784 inferes.
1230 1738 1294 1783 In
1331 1738 1663 1795 platonem
1701 1740 1768 1783 si·
1792 1745 1817 1784 2
1858 1748 1950 1787 (342)

90 1802 277 1848 militer
299 1805 351 1848 et
374 1803 423 1847 in
447 1815 595 1848 omne
619 1816 778 1860 genus
798 1806 1081 1850 venationis
1105 1805 1286 1850 eadem
1299 1805 1570 1864 *conditura
1592 1806 1766 1851 uteris.
1790 1817 1831 1848 24

90 1866 326 1914 Aliter:
372 1881 574 1914 cervum
617 1870 832 1915 elixabis
875 1873 929 1916 et
972 1871 1277 1916 subassabis.
1321 1874 1455 1917 teres
1502 1873 1664 1928 piper,
1707 1871 1816 1916 li-3
1858 1880 1950 1918 (343)

92 1936 357 1990 gusticum,
391 1947 606 1987 careum,
643 1936 747 1992 apii
784 1949 969 1990 semen,
1007 1937 1274 1983 suffundes
1309 1938 1425 1991 mel,
1461 1940 1675 1990 acetum,
1708 1938 1768 1982 li-
1995 1942 1997 1946 “

90 2012 318 2055 quamen,
349 2002 529 2047 oleum.
571 2001 872 2047 calefactum
904 2003 1072 2048 amulo
1103 2004 1303 2060 obligas
1333 2006 1387 2050 et
1418 2007 1621 2050 carnem
1652 2017 1767 2060 per-

91 2065 288 2111 fundes.
336 2065 438 2110 Ius
478 2067 539 2109 in
576 2078 802 2112 cervo:
842 2068 1004 2124 piper,
1040 2068 1344 2124 ligusticum,
1382 2069 1628 2126 cepulam‚
1665 2069 1813 2113 ori-4
1856 2074 1950 2112 (344)

91 2143 291 2187 ganum,
325 2133 544 2186 nucleos,
579 2136 828 2190 caryotas,
864 2136 980 2187 mel,
1018 2135 1286 2192 liquamen,
1321 2138 1514 2193 sinape,
1551 2138 1765 2189 acetum,
1789 2142 1831 2173 2⁹

96 2197 279 2242 oleum.
333 2195 660 2243 Cervinae
692 2199 1066 2246 conditura:
1107 2201 1261 2258 piper,
1296 2200 1567 2253 cuminum,
1601 2200 1815 2246 condi-5
1858 2206 1949 2243 (345)

91 2266 329 2318 mentum,
357 2265 734 2320 petroselinum,
762 2278 953 2323 cepam,
984 2270 1163 2321 rutam,
1191 2269 1306 2320 mel,
1331 2268 1600 2324 liquamen,
1628 2282 1766 2314 men·
1870 2269 1883 2278 ’“

91 2334 208 2383 tam,
245 2342 464 2386 passum,
501 2343 770 2377 caroenum
807 2334 860 2378 et
894 2334 1060 2379 oleum
1097 2335 1306 2381 modice.
1346 2335 1512 2380 amulo
1548 2335 1764 2391 obligas,

93 2407 203 2440 cum
238 2395 337 2440 iam
373 2394 553 2441 bulliit.
602 2396 749 2441 Iura
784 2398 1124 2444 ferventia
1159 2400 1221 2444 in
1258 2411 1474 2445 cervo:
1511 2400 1675 2456 piper,
1712 2399 1814 2443 li-6
1856 2406 1948 2447 (346)

93 2463 359 2518 gusticum,
414 2465 822 2520 petroselinum,
869 2467 1146 2519 cuminum,
1192 2467 1396 2513 nucleos
1463 2469 1626 2513 tostos
1682 2470 1768 2512 aut

170 2630 197 2671 3
230 2641 364 2672 eruce
396 2626 516 2678 E²V,
547 2643 713 2674 euruce
744 2629 802 2674 Ει
877 2635 905 2675 4
937 2646 1054 2685 cepa
1085 2637 1273 2686 pontica
1303 2636 1381 2676 EV
1464 2636 1491 2676 6
1523 2635 1665 2678 Aliter
1681 2638 1770 2684 EV,

96 2688 168 2730 Ius
199 2690 327 2730 aliter
357 2690 392 2730 P
540 2691 595 2731 10
626 2695 788 2743 tanges
820 2695 932 2735 add.
964 2695 1198 2746 Baseyyio
1230 2706 1285 2736 ex
1316 2697 1345 2736 l.
1369 2700 1422 2736 23
1511 2707 1687 2745 apruna
1717 2697 1771 2743 V,

96 2748 255 2797 aprina
285 2748 319 2789 E
399 2748 448 2789 11
485 2752 708 2791 terentina
739 2751 828 2794 Sch
860 2764 915 2794 ex
941 2765 990 2805 ρ.
1014 2758 1077 2803 63,
1104 2759 1156 2794 16
1185 2751 1262 2805 (cf.
1284 2766 1332 2805 p.
1356 2759 1422 2803 26,
1446 2752 1506 2805 4),
1541 2757 1773 2796 recentina

95 2805 186 2853 Ev,
217 2808 413 2849 recentis
450 2807 551 2858 Tor,
585 2820 746 2851 recens
776 2811 898 2852 Hum
1022 2813 1074 2854 13
1107 2816 1153 2853 et
1183 2812 1286 2862 Sch,
1320 2817 1369 2854 ut
1400 2814 1478 2854 EV
1587 2814 1640 2854 15
1672 2818 1772 2864 gut-

94 2867 165 2905 tas
196 2873 237 2912 ς,
280 2870 438 2916 gustas
469 2867 547 2908 Ev
590 2865 658 2918 (in
689 2868 731 2909 V
762 2881 886 2911 man.
919 2882 1078 2913 recens
1107 2872 1220 2922 fecit
1249 2870 1430 2922 guctas)
1526 2873 1579 2913 17
1606 2884 1772 2923 aquam

98 2924 314 2964 marinam
336 2925 423 2982 ‚Ev
513 2927 568 2968 23
603 2928 790 2976 platone
821 2928 912 2976 EV,
946 2930 1212 2979 platicerote
1245 2941 1281 2968 a
1371 2930 1425 2973 31
1462 2941 1580 2981 cepa
1610 2935 1708 2975 ruta
1733 2932 1775 2972 V

155 2981 212 3023 32
243 2984 396 3024 amulo
428 2979 548 3033 E²v,
583 2987 674 3027 -los
704 2981 763 3027 13¹
853 2987 910 3029 33
942 2989 1089 3030 bullilt
1118 2990 1187 3030 sic
1216 2988 1294 3030 Ev
1705 3023 1707 3025 -
