1976 3172
892 375 1281 429 PRAEFATIO

307 478 379 519 De
403 477 619 528 Apiciani
650 479 750 529 libri
777 479 882 521 iatis
913 482 960 522 et
982 478 1223 521 codicibus
1254 479 1555 528 exposuimus
1587 477 1857 520 Giarratano
1883 479 1932 518 iu

232 537 390 579 libello
424 531 462 579 ‘1
486 537 637 580 codici
654 538 730 580 dei
763 539 864 581 libri
888 538 948 580 de
978 549 1027 580 re
1050 539 1320 589 coquinaria
1342 537 1390 579 di
1413 535 1557 587 Celio,
1580 532 1752 588 Napoli
1778 531 1932 583 1912’,

232 596 435 639 Vollmer
459 599 507 638 in
532 597 768 640 Sitz.-Ber.
792 598 838 639 d.
861 598 1022 650 Bayer.
1047 597 1196 639 Akad.
1221 597 1266 639 d.
1290 595 1431 639 Wiss.
1457 595 1699 647 piati-hist.
1723 596 1795 637 ΚΙ.
1814 595 1931 637 1920

232 656 353 698 Abh.
378 655 421 698 6.
478 668 628 707 pauca
658 658 875 700 addenda
904 658 1137 699 videntur:
1170 658 1379 699 codicem
1414 654 1717 698 Caesenatem
1747 656 1927 697 iuterim

231 715 436 766 inspexit
465 720 512 758 et
550 717 745 759 contulit
784 716 1078 766 Giarratano,
1110 716 1280 758 nuliius
1317 720 1406 770 est⁴
1426 716 1558 766 preti.
1618 725 1707 757 nec
1739 715 1933 758 maioris

232 776 336 817 cod.
361 775 464 817 Vat.
496 776 572 818 lat.
605 775 722 818 6803
755 778 973 829 papyrius
1012 776 1091 818 iol.
1123 774 1322 824 'll—96,
1361 785 1500 826 quem
1538 775 1588 816 in
1626 773 1851 817 Skutschii
1883 778 1929 815 et

231 834 361 876 Ihmii
402 846 535 878 usum
576 836 832 878 contulerat
862 836 1054 878 Samter.
1110 846 1230 887 quae
1270 836 1331 877 ad
1368 846 1502 877 usum
1541 834 1678 876 buius
1708 834 1931 877 edItionis

233 895 431 939 maxime
454 896 718 938 necessaria
742 899 886 943 erunt,
918 895 1152 938 luculente
1175 895 1528 946 digestahabes
1550 894 1600 935 in
1622 892 1777 936 indice
1800 893 1928 936 codi-

230 965 333 995 cum
368 958 475 1005 post
505 955 627 997 hanc
659 955 1007 1006 praefationem.

305 1013 538 1056 edidimus
562 1015 699 1066 igitur
722 1019 769 1057 et
801 1017 930 1066 ipsos
953 1015 1108 1066 Apicii
1140 1015 1282 1057 libros
1315 1024 1433 1064 quos
1460 1018 1636 1064 putant,
1669 1014 1749 1063 qui
1773 1016 1927 1054 tamen

230 1084 327 1115 non
359 1074 486 1124 pleni
518 1085 606 1116 nec
638 1075 803 1126 integri
835 1078 963 1122 sunt.
999 1076 1085 1117 sed
1123 1075 1312 1116 saeculo
1345 1073 1439 1115 iere
1471 1066 1556 1114 1v⁰
1578 1073 1653 1114 vel
1682 1066 1748 1113 V⁰
1777 1073 1926 1123 epito-

231 1133 340 1173 mati
364 1136 410 1174 et
433 1134 609 1186 vulgari
634 1145 850 1178 sermone
881 1135 1176 1185 aliquatenus
1200 1134 1456 1181 adulterati.
1486 1136 1534 1174 et
1556 1134 1774 1181 excerpta
1796 1130 1927 1172 Vini-

232 1192 344 1233 ‹larii
372 1190 528 1241 Gothi,
562 1195 640 1243 qui
674 1194 862 1236 saeculo
895 1195 990 1236 iere
1021 1189 1106 1235 V1⁰
1136 1198 1182 1235 et
1212 1195 1316 1244 ipse
1348 1191 1621 1243 opusculum
1647 1190 1924 1242 Apicianum

231 1257 339 1293 tunc
369 1252 522 1294 adhuc
548 1253 734 1302 plenum
760 1265 894 1295 suurn
919 1255 967 1295 in
991 1265 1125 1295 usum
1151 1253 1432 1303 compilavit,
1450 1253 1599 1303 magis
1622 1251 1761 1293 etiam
1786 1261 1924 1301 quam

229 1311 305 1353 ille
338 1313 460 1361 prior
498 1316 738 1363 excerptor
772 1314 971 1355 licentiis
1009 1315 1237 1356 sermonis
1274 1312 1476 1364 vulgaris
1513 1311 1776 1363 indulgens.
1839 1310 1927 1351 hos

228 1371 468 1421 squalores
494 1375 539 1413 et
563 1372 791 1424 quidquid
815 1373 982 1415 librarii
1014 1375 1317 1424 insequentes
1339 1371 1547 1413 similiter
1570 1370 1926 1420 deturpaverunt

231 1430 502 1473 detersimus
534 1433 691 1482 quoad
722 1432 910 1475 licebat:
950 1434 1212 1484 composita
1242 1435 1288 1473 et
1319 1432 1559 1472 aestimata
1589 1432 1697 1472 sunt
1726 1428 1927 1479 vulgaris

230 1492 456 1532 sermonis
486 1493 685 1544 vestigia
715 1492 840 1544 apud
872 1492 1169 1534 Vollmerium
1203 1492 1232 1534 l.
1257 1493 1285 1533 l.

303 1550 550 1598 edidimus,
574 1553 825 1602 inquimus,
850 1553 938 1593 hos
962 1552 1103 1594 libros
1129 1562 1216 1594 nec
1240 1555 1397 1593 tamen
1414 1552 1682 1602 ignoramus
1698 1559 1786 1590 nos
1809 1548 1926 1588 nihil

227 1610 321 1650 iere
346 1620 484 1661 agere
511 1612 722 1660 potuisse
746 1612 835 1653 nisi
860 1615 910 1653 ut
933 1622 1278 1654 recenseremus
1294 1621 1352 1653 ea
1375 1620 1499 1661 quae
1513 1609 1678 1651 tradita
1694 1610 1802 1650 sunt
1817 1608 1922 1648 abs-

228 1670 360 1710 tersis
393 1670 585 1711 maculis
616 1672 916 1722 gravissimis,
949 1681 1056 1713 vere
1087 1671 1435 1712 emendaturum
1462 1680 1559 1711 non
1584 1679 1689 1710 esse
1721 1667 1811 1708 nisi
1843 1669 1921 1717 qui

228 1729 412 1777 plenam
446 1740 591 1771 rerum
616 1731 856 1772 scientiam
889 1731 1060 1773 habeat
1083 1734 1130 1773 et
1153 1734 1245 1771 tam
1270 1730 1479 1772 excussis
1510 1728 1715 1770 fontibus
1745 1727 1924 1778 graecis

225 1792 270 1828 et
313 1788 466 1830 latinis
515 1801 653 1840 quam
702 1791 1031 1841 experimentis
1078 1791 1211 1831 iactis
1258 1790 1528 1841 cognoverit
1575 1787 1686 1837 quid
1730 1786 1924 1836 Apicius

228 1849 493 1898 praecipere
526 1850 738 1899 potuerit,
771 1851 883 1900 quid
915 1861 961 1891 re
993 1861 1101 1892 vera
1131 1850 1430 1900 praeceperit.

301 1907 440 1957 plene
481 1909 714 1950 attulimus
757 1910 907 1951 varias
946 1911 1171 1952 lectiones
1210 1910 1421 1951 codicum
1453 1907 1539 1949 Ev
1571 1908 1635 1947 ita
1676 1909 1830 1947 tamen
1875 1910 1923 1945 ut

227 1966 562 2017 discrepantias
587 1979 699 2019 pure
723 1970 1105 2021 orthographicas
1129 1968 1605 2020 praetermitteremus.
1644 1964 1922 2007 restituimus

226 2029 386 2067 contra
409 2026 693 2074 Schuchium.
726 2029 857 2070 cuius
881 2032 1037 2070 tamen
1062 2039 1279 2071 numeros
1303 2027 1618 2079 paragraphos
1643 2025 1690 2065 iu
1715 2024 1923 2074 margine

226 2085 501 2134 addidimus,
534 2087 890 2137 dispositionem
915 2089 1130 2131 librorum
1158 2099 1238 2138 per
1262 2087 1415 2137 capita
1438 2090 1483 2127 et
1507 2084 1709 2135 capitula
1733 2083 1791 2123 ab
1817 2083 1922 2132 ipso

225 2148 275 2185 ut
306 2146 552 2195 opinamur
582 2150 769 2189 auctore
801 2148 1068 2189 institutam.

300 2205 479 2246 indices
519 2206 775 2247 adiecimus
815 2207 976 2257 quales
1011 2218 1091 2256 per
1130 2208 1245 2249 haec
1282 2211 1490 2256 tempora
1530 2204 1700 2245 addere
1740 2203 1920 2247 licebat,

226 2264 465 2313 sperantes
505 2265 602 2306 iore
635 2269 682 2307 ut
713 2266 967 2315 aliquando
1007 2267 1173 2317 aliquis
1207 2268 1344 2317 plene
1375 2264 1583 2307 technica
1621 2263 1728 2302 artis
1761 2262 1918 2310 coqui-

226 2324 382 2364 nariae
413 2325 554 2365 verba
584 2335 752 2376 graeca
783 2330 829 2366 et
861 2326 1002 2366 latina
1034 2325 1221 2377 colligat
1251 2329 1297 2367 et
1328 2325 1540 2375 explicet.

299 2386 439 2424 restat
482 2388 530 2424 ut
569 2384 764 2425 lectores
809 2395 1080 2426 moneamus
1120 2386 1294 2434 optime
1333 2385 1392 2426 de
1436 2385 1523 2424 hac
1562 2382 1767 2424 editione
1810 2378 1917 2419 olim

226 2442 411 2484 meritos
443 2453 548 2484 esse
579 2443 640 2484 W.
664 2443 959 2486 Studemund
991 2449 1036 2485 et
1066 2445 1127 2486 M.
1163 2444 1259 2485 Ihm
1294 2444 1572 2485 excutiendo
1597 2441 1784 2483 codices
1815 2436 1852 2478 E
1874 2443 1920 2477 et

225 2501 286 2549 V;
331 2502 557 2543 lectiones
596 2498 845 2545 codicis‘V
877 2515 963 2545 nos
995 2504 1269 2545 exhibemus
1307 2503 1563 2545 secundum
1596 2497 1919 2551 photographa

225 2560 415 2611 optima,
449 2563 495 2601 in
522 2562 684 2603 codice
709 2562 744 2603 E
776 2563 1009 2604 reddimus
1040 2563 1335 2604 collationem
1362 2560 1681 2603 Studemuudii
1714 2559 1916 2598 nostrum

226 2622 272 2660 in
312 2631 443 2661 usum
491 2622 728 2670 repetitam
773 2623 1003 2672 expletam
1048 2626 1296 2664 correctam
1340 2621 1660 2663 liberalissime
1698 2630 1726 2659 a
1764 2617 1824 2658 W.
1855 2616 1917 2657 M.

223 2680 431 2731 Lindsay
463 2684 509 2720 et
541 2681 599 2720 ab
624 2681 674 2721 E.
701 2681 750 2721 Α.
776 2681 922 2731 Lowe,
956 2684 1034 2732 qui
1069 2692 1215 2731 nuper
1247 2682 1306 2723 de
1339 2682 1428 2722 hoc
1451 2680 1615 2722 codice
1638 2678 1672 2719 E
1704 2677 1918 2726 exposuit

226 2740 271 2778 in
304 2737 508 2780 Berliner
539 2738 702 2781 Philol.
728 2737 1088 2782 Wochen'schrlft
1120 2741 1235 2781 1920
1268 2753 1311 2791 p.
1339 2740 1468 2780 1174.

283 2827 315 2866 L
328 2839 354 2866 u
367 2837 463 2867 cae
497 2832 540 2867 et
573 2827 657 2868 Mo
670 2831 793 2869 naci
1096 2829 1145 2870 C.
1171 2829 1464 2870 Giarratano.
1526 2829 1595 2867 Fr.
1621 2826 1842 2867 Vollmer.

565 2958 867 3044 rix-intubi
896 2958 970 3036 in
1004 2957 1369 3038 Gor-marm
1412 2956 1418 3001 ἶ
1461 2978 1494 3002 -·
